commodity USD

commodity VMMXX

;; Open: 1980-05-12 close Equity:Opening-Balances

;; Open: 1980-05-12 close Liabilities:AccountsPayable

;; Open: 1980-05-12 close Liabilities:US:Chase:Slate

;; Open: 1980-05-12 close Income:US:Federal:PreTax401k

;; Open: 1980-05-12 close Assets:US:Federal:PreTax401k

;; Open: 1980-05-12 close Expenses:Food:Groceries

;; Open: 1980-05-12 close Expenses:Food:Restaurant

;; Open: 1980-05-12 close Expenses:Food:Coffee

;; Open: 1980-05-12 close Expenses:Food:Alcohol

;; Open: 1980-05-12 close Expenses:Transport:Tram

;; Open: 1980-05-12 close Expenses:Home:Rent

;; Open: 1980-05-12 close Expenses:Home:Electricity

;; Open: 1980-05-12 close Expenses:Home:Internet

;; Open: 1980-05-12 close Expenses:Home:Phone

;; Open: 1980-05-12 close Expenses:Financial:Fees

;; Open: 1980-05-12 close Expenses:Financial:Commissions

commodity VACHR

commodity IRAUSD

commodity VBMPX

commodity ITOT

commodity VHT

commodity GLD

commodity VEA

commodity RGAGX

;; Open: 2024-01-01 close Assets:US:BofA

;; Open: 2024-01-01 close Assets:US:BofA:Checking

;; Open: 2024-01-01 close Assets:US:ETrade:Cash

;; Open: 2024-01-01 close Assets:US:ETrade:ITOT

;; Open: 2024-01-01 close Assets:US:ETrade:VEA

;; Open: 2024-01-01 close Assets:US:ETrade:VHT

;; Open: 2024-01-01 close Assets:US:ETrade:GLD

;; Open: 2024-01-01 close Income:US:ETrade:PnL

;; Open: 2024-01-01 close Income:US:ETrade:ITOT:Dividend

;; Open: 2024-01-01 close Income:US:ETrade:VEA:Dividend

;; Open: 2024-01-01 close Income:US:ETrade:VHT:Dividend

;; Open: 2024-01-01 close Income:US:ETrade:GLD:Dividend

;; Open: 2024-01-01 close Assets:US:Vanguard:VBMPX

;; Open: 2024-01-01 close Assets:US:Vanguard:RGAGX

;; Open: 2024-01-01 close Assets:US:Vanguard

;; Open: 2024-01-01 close Income:US:Hooli:Match401k

;; Open: 2024-01-01 close Assets:US:Vanguard:Cash

;; Open: 2024-01-01 close Income:US:Hooli:Salary

;; Open: 2024-01-01 close Income:US:Hooli:GroupTermLife

;; Open: 2024-01-01 close Income:US:Hooli:Vacation

;; Open: 2024-01-01 close Assets:US:Hooli:Vacation

;; Open: 2024-01-01 close Expenses:Vacation

;; Open: 2024-01-01 close Expenses:Health:Life:GroupTermLife

;; Open: 2024-01-01 close Expenses:Health:Medical:Insurance

;; Open: 2024-01-01 close Expenses:Health:Dental:Insurance

;; Open: 2024-01-01 close Expenses:Health:Vision:Insurance

;; Open: 2024-01-01 close Expenses:Taxes:Y2024:US:Federal:PreTax401k

;; Open: 2024-01-01 close Expenses:Taxes:Y2024:US:Medicare

;; Open: 2024-01-01 close Expenses:Taxes:Y2024:US:Federal

;; Open: 2024-01-01 close Expenses:Taxes:Y2024:US:CityNYC

;; Open: 2024-01-01 close Expenses:Taxes:Y2024:US:SDI

;; Open: 2024-01-01 close Expenses:Taxes:Y2024:US:State

;; Open: 2024-01-01 close Expenses:Taxes:Y2024:US:SocSec


2024-01-01 * Opening Balance for checking account
  Assets:US:BofA:Checking                                               3922.28 USD
  Equity:Opening-Balances                                              -3922.28 USD

;; Event: 2024-01-01 "employer" "Hooli, 1 Carloston Rd, Mountain Beer, CA"

2024-01-01 * Allowed contributions for one year
  Income:US:Federal:PreTax401k                                        -18500 IRAUSD
  Assets:US:Federal:PreTax401k                                         18500 IRAUSD


2024-01-03 * RiverBank Properties | Paying the rent
  Assets:US:BofA:Checking                                              -2400.00 USD
  Expenses:Home:Rent                                                    2400.00 USD

2024-01-04 * BANK FEES | Monthly bank fee
  Assets:US:BofA:Checking                                                 -4.00 USD
  Expenses:Financial:Fees                                                  4.00 USD

2024-01-04 * Hooli | Payroll
  Assets:US:BofA:Checking                                               1350.60 USD
  Assets:US:Vanguard:Cash                                               1200.00 USD
  Income:US:Hooli:Salary                                               -4615.38 USD
  Income:US:Hooli:GroupTermLife                                          -24.32 USD
  Expenses:Health:Life:GroupTermLife                                      24.32 USD
  Expenses:Health:Dental:Insurance                                         2.90 USD
  Expenses:Health:Medical:Insurance                                       27.38 USD
  Expenses:Health:Vision:Insurance                                        42.30 USD
  Expenses:Taxes:Y2024:US:Medicare                                       106.62 USD
  Expenses:Taxes:Y2024:US:Federal                                       1062.92 USD
  Expenses:Taxes:Y2024:US:State                                          365.08 USD
  Expenses:Taxes:Y2024:US:CityNYC                                        174.92 USD
  Expenses:Taxes:Y2024:US:SDI                                              1.12 USD
  Expenses:Taxes:Y2024:US:SocSec                                         281.54 USD
  Assets:US:Federal:PreTax401k                                      -1200.00 IRAUSD
  Expenses:Taxes:Y2024:US:Federal:PreTax401k                         1200.00 IRAUSD
  Assets:US:Hooli:Vacation                                                  5 VACHR
  Income:US:Hooli:Vacation                                                 -5 VACHR

2024-01-05 * Employer match for contribution
  Assets:US:Vanguard:Cash                                                600.00 USD
  Income:US:Hooli:Match401k                                             -600.00 USD

P 2024-01-05 00:00:00 VBMPX                  123.70 USD

P 2024-01-05 00:00:00 RGAGX                  117.51 USD

P 2024-01-05 00:00:00 ITOT                    90.75 USD

P 2024-01-05 00:00:00 VEA                    130.94 USD

P 2024-01-05 00:00:00 VHT                    105.98 USD

P 2024-01-05 00:00:00 GLD                     36.43 USD

2024-01-06 * Chichipotle | Eating out with Joe
  Liabilities:US:Chase:Slate                                             -63.73 USD
  Expenses:Food:Restaurant                                                63.73 USD

2024-01-07 * Good Moods Market | Buying groceries
  Liabilities:US:Chase:Slate                                            -103.90 USD
  Expenses:Food:Groceries                                                103.90 USD

2024-01-08 * EDISON POWER |
  Assets:US:BofA:Checking                                                -65.00 USD
  Expenses:Home:Electricity                                               65.00 USD

2024-01-08 * Investing 40% of cash in VBMPX
  Assets:US:Vanguard:VBMPX                                         3.880 VBMPX @ 123.70 USD
  Assets:US:Vanguard:Cash                                               -479.96 USD
  Equity:Rounding                                                       0.00400 USD

2024-01-08 * Investing 60% of cash in RGAGX
  Assets:US:Vanguard:RGAGX                                         6.127 RGAGX @ 117.51 USD
  Assets:US:Vanguard:Cash                                               -719.98 USD
  Equity:Rounding                                                      -0.00377 USD

2024-01-08 * Investing 40% of cash in VBMPX
  Assets:US:Vanguard:VBMPX                                         1.940 VBMPX @ 123.70 USD
  Assets:US:Vanguard:Cash                                               -239.98 USD
  Equity:Rounding                                                       0.00200 USD

2024-01-08 * Investing 60% of cash in RGAGX
  Assets:US:Vanguard:RGAGX                                         3.064 RGAGX @ 117.51 USD
  Assets:US:Vanguard:Cash                                               -360.05 USD
  Equity:Rounding                                                      -0.00064 USD

2024-01-09 * Rose Flower | Eating out 
  Liabilities:US:Chase:Slate                                             -69.62 USD
  Expenses:Food:Restaurant                                                69.62 USD

2024-01-11 * Chase:Slate | Paying off credit card
  Liabilities:US:Chase:Slate                                             270.47 USD
  Assets:US:BofA:Checking                                               -270.47 USD

P 2024-01-12 00:00:00 VBMPX                  123.75 USD

P 2024-01-12 00:00:00 RGAGX                  119.77 USD

P 2024-01-12 00:00:00 ITOT                    90.08 USD

P 2024-01-12 00:00:00 VEA                    129.56 USD

P 2024-01-12 00:00:00 VHT                    104.73 USD

P 2024-01-12 00:00:00 GLD                     36.30 USD

2024-01-13 * Rose Flower | Eating out with Natasha
  Liabilities:US:Chase:Slate                                             -33.22 USD
  Expenses:Food:Restaurant                                                33.22 USD

2024-01-16 * Goba Goba | Eating out with Natasha
  Liabilities:US:Chase:Slate                                             -32.70 USD
  Expenses:Food:Restaurant                                                32.70 USD

2024-01-18 * Verizon Wireless |
  Assets:US:BofA:Checking                                                -66.22 USD
  Expenses:Home:Phone                                                     66.22 USD

2024-01-18 * Hooli | Payroll
  Assets:US:BofA:Checking                                               1350.60 USD
  Assets:US:Vanguard:Cash                                               1200.00 USD
  Income:US:Hooli:Salary                                               -4615.38 USD
  Income:US:Hooli:GroupTermLife                                          -24.32 USD
  Expenses:Health:Life:GroupTermLife                                      24.32 USD
  Expenses:Health:Dental:Insurance                                         2.90 USD
  Expenses:Health:Medical:Insurance                                       27.38 USD
  Expenses:Health:Vision:Insurance                                        42.30 USD
  Expenses:Taxes:Y2024:US:Medicare                                       106.62 USD
  Expenses:Taxes:Y2024:US:Federal                                       1062.92 USD
  Expenses:Taxes:Y2024:US:State                                          365.08 USD
  Expenses:Taxes:Y2024:US:CityNYC                                        174.92 USD
  Expenses:Taxes:Y2024:US:SDI                                              1.12 USD
  Expenses:Taxes:Y2024:US:SocSec                                         281.54 USD
  Assets:US:Federal:PreTax401k                                      -1200.00 IRAUSD
  Expenses:Taxes:Y2024:US:Federal:PreTax401k                         1200.00 IRAUSD
  Assets:US:Hooli:Vacation                                                  5 VACHR
  Income:US:Hooli:Vacation                                                 -5 VACHR

2024-01-19 * Jewel of Morroco | Eating out with work buddies
  Liabilities:US:Chase:Slate                                             -17.27 USD
  Expenses:Food:Restaurant                                                17.27 USD

2024-01-19 * Employer match for contribution
  Assets:US:Vanguard:Cash                                                600.00 USD
  Income:US:Hooli:Match401k                                             -600.00 USD

P 2024-01-19 00:00:00 VBMPX                  125.54 USD

P 2024-01-19 00:00:00 RGAGX                  121.56 USD

P 2024-01-19 00:00:00 ITOT                    91.84 USD

P 2024-01-19 00:00:00 VEA                    127.61 USD

P 2024-01-19 00:00:00 VHT                    106.09 USD

P 2024-01-19 00:00:00 GLD                     35.56 USD

2024-01-20 * Jewel of Morroco | Eating out with Joe
  Liabilities:US:Chase:Slate                                             -19.05 USD
  Expenses:Food:Restaurant                                                19.05 USD

2024-01-20 * Good Moods Market | Buying groceries
  Liabilities:US:Chase:Slate                                             -56.50 USD
  Expenses:Food:Groceries                                                 56.50 USD

2024-01-22 * Wine-Tarner Cable |
  Assets:US:BofA:Checking                                                -79.81 USD
  Expenses:Home:Internet                                                  79.81 USD

2024-01-22 * Investing 40% of cash in VBMPX
  Assets:US:Vanguard:VBMPX                                         3.824 VBMPX @ 125.54 USD
  Assets:US:Vanguard:Cash                                               -480.06 USD
  Equity:Rounding                                                      -0.00496 USD

2024-01-22 * Investing 60% of cash in RGAGX
  Assets:US:Vanguard:RGAGX                                         5.923 RGAGX @ 121.56 USD
  Assets:US:Vanguard:Cash                                               -720.00 USD
  Equity:Rounding                                                       0.00012 USD

2024-01-22 * Investing 40% of cash in VBMPX
  Assets:US:Vanguard:VBMPX                                         1.912 VBMPX @ 125.54 USD
  Assets:US:Vanguard:Cash                                               -240.03 USD
  Equity:Rounding                                                      -0.00248 USD

2024-01-22 * Investing 60% of cash in RGAGX
  Assets:US:Vanguard:RGAGX                                         2.961 RGAGX @ 121.56 USD
  Assets:US:Vanguard:Cash                                               -359.94 USD
  Equity:Rounding                                                       0.00084 USD

2024-01-25 * Goba Goba | Eating out with Julie
  Liabilities:US:Chase:Slate                                             -52.17 USD
  Expenses:Food:Restaurant                                                52.17 USD

P 2024-01-26 00:00:00 VBMPX                  125.90 USD

P 2024-01-26 00:00:00 RGAGX                  122.82 USD

P 2024-01-26 00:00:00 ITOT                    92.49 USD

P 2024-01-26 00:00:00 VEA                    133.06 USD

P 2024-01-26 00:00:00 VHT                    104.54 USD

P 2024-01-26 00:00:00 GLD                     35.29 USD

2024-01-27 * China Garden | Eating out with Joe
  Liabilities:US:Chase:Slate                                             -33.26 USD
  Expenses:Food:Restaurant                                                33.26 USD

2024-01-29 * Uncle Boons | Eating out 
  Liabilities:US:Chase:Slate                                             -60.44 USD
  Expenses:Food:Restaurant                                                60.44 USD

2024-01-29 * Metro Transport Authority | Tram tickets
  Liabilities:US:Chase:Slate                                            -120.00 USD
  Expenses:Transport:Tram                                                120.00 USD



2024-01-31 * Rose Flower | Eating out alone
  Liabilities:US:Chase:Slate                                             -19.23 USD
  Expenses:Food:Restaurant                                                19.23 USD

2024-02-01 * Jewel of Morroco | Eating out with Bill
  Liabilities:US:Chase:Slate                                             -27.00 USD
  Expenses:Food:Restaurant                                                27.00 USD

2024-02-01 * Farmer Fresh | Buying groceries
  Liabilities:US:Chase:Slate                                             -89.58 USD
  Expenses:Food:Groceries                                                 89.58 USD

2024-02-01 * Hooli | Payroll
  Assets:US:BofA:Checking                                               1350.60 USD
  Assets:US:Vanguard:Cash                                               1200.00 USD
  Income:US:Hooli:Salary                                               -4615.38 USD
  Income:US:Hooli:GroupTermLife                                          -24.32 USD
  Expenses:Health:Life:GroupTermLife                                      24.32 USD
  Expenses:Health:Dental:Insurance                                         2.90 USD
  Expenses:Health:Medical:Insurance                                       27.38 USD
  Expenses:Health:Vision:Insurance                                        42.30 USD
  Expenses:Taxes:Y2024:US:Medicare                                       106.62 USD
  Expenses:Taxes:Y2024:US:Federal                                       1062.92 USD
  Expenses:Taxes:Y2024:US:State                                          365.08 USD
  Expenses:Taxes:Y2024:US:CityNYC                                        174.92 USD
  Expenses:Taxes:Y2024:US:SDI                                              1.12 USD
  Expenses:Taxes:Y2024:US:SocSec                                         281.54 USD
  Assets:US:Federal:PreTax401k                                      -1200.00 IRAUSD
  Expenses:Taxes:Y2024:US:Federal:PreTax401k                         1200.00 IRAUSD
  Assets:US:Hooli:Vacation                                                  5 VACHR
  Income:US:Hooli:Vacation                                                 -5 VACHR

2024-02-02 * Uncle Boons | Eating out alone
  Liabilities:US:Chase:Slate                                             -38.53 USD
  Expenses:Food:Restaurant                                                38.53 USD

2024-02-02 * Employer match for contribution
  Assets:US:Vanguard:Cash                                                600.00 USD
  Income:US:Hooli:Match401k                                             -600.00 USD

P 2024-02-02 00:00:00 VBMPX                  125.89 USD

P 2024-02-02 00:00:00 RGAGX                  122.02 USD

P 2024-02-02 00:00:00 ITOT                    92.95 USD

P 2024-02-02 00:00:00 VEA                    134.02 USD

P 2024-02-02 00:00:00 VHT                    104.66 USD

P 2024-02-02 00:00:00 GLD                     36.53 USD

2024-02-03 * RiverBank Properties | Paying the rent
  Assets:US:BofA:Checking                                              -2400.00 USD
  Expenses:Home:Rent                                                    2400.00 USD

2024-02-04 * BANK FEES | Monthly bank fee
  Assets:US:BofA:Checking                                                 -4.00 USD
  Expenses:Financial:Fees                                                  4.00 USD

2024-02-05 * Investing 40% of cash in VBMPX
  Assets:US:Vanguard:VBMPX                                         3.813 VBMPX @ 125.89 USD
  Assets:US:Vanguard:Cash                                               -480.02 USD
  Equity:Rounding                                                       0.00143 USD

2024-02-05 * Investing 60% of cash in RGAGX
  Assets:US:Vanguard:RGAGX                                         5.901 RGAGX @ 122.02 USD
  Assets:US:Vanguard:Cash                                               -720.04 USD
  Equity:Rounding                                                      -0.00002 USD

2024-02-05 * Investing 40% of cash in VBMPX
  Assets:US:Vanguard:VBMPX                                         1.906 VBMPX @ 125.89 USD
  Assets:US:Vanguard:Cash                                               -239.95 USD
  Equity:Rounding                                                       0.00366 USD

2024-02-05 * Investing 60% of cash in RGAGX
  Assets:US:Vanguard:RGAGX                                         2.950 RGAGX @ 122.02 USD
  Assets:US:Vanguard:Cash                                               -359.96 USD
  Equity:Rounding                                                       0.00100 USD

2024-02-07 * Chichipotle | Eating out with Joe
  Liabilities:US:Chase:Slate                                             -46.12 USD
  Expenses:Food:Restaurant                                                46.12 USD

2024-02-08 * EDISON POWER |
  Assets:US:BofA:Checking                                                -65.00 USD
  Expenses:Home:Electricity                                               65.00 USD

2024-02-08 * Chase:Slate | Paying off credit card
  Liabilities:US:Chase:Slate                                             633.60 USD
  Assets:US:BofA:Checking                                               -633.60 USD

2024-02-09 * Jewel of Morroco | Eating out with Bill
  Liabilities:US:Chase:Slate                                             -21.75 USD
  Expenses:Food:Restaurant                                                21.75 USD

2024-02-09 * Corner Deli | Buying groceries
  Liabilities:US:Chase:Slate                                            -109.44 USD
  Expenses:Food:Groceries                                                109.44 USD

P 2024-02-09 00:00:00 VBMPX                  127.92 USD

P 2024-02-09 00:00:00 RGAGX                  120.08 USD

P 2024-02-09 00:00:00 ITOT                    93.65 USD

P 2024-02-09 00:00:00 VEA                    137.16 USD

P 2024-02-09 00:00:00 VHT                    103.56 USD

P 2024-02-09 00:00:00 GLD                     36.32 USD

2024-02-10 * Cafe Modagor | Eating out with Bill
  Liabilities:US:Chase:Slate                                             -38.95 USD
  Expenses:Food:Restaurant                                                38.95 USD

2024-02-12 * Rose Flower | Eating out with Natasha
  Liabilities:US:Chase:Slate                                             -33.36 USD
  Expenses:Food:Restaurant                                                33.36 USD

2024-02-15 * Goba Goba | Eating out 
  Liabilities:US:Chase:Slate                                             -43.26 USD
  Expenses:Food:Restaurant                                                43.26 USD

2024-02-15 * Hooli | Payroll
  Assets:US:BofA:Checking                                               1350.60 USD
  Assets:US:Vanguard:Cash                                               1200.00 USD
  Income:US:Hooli:Salary                                               -4615.38 USD
  Income:US:Hooli:GroupTermLife                                          -24.32 USD
  Expenses:Health:Life:GroupTermLife                                      24.32 USD
  Expenses:Health:Dental:Insurance                                         2.90 USD
  Expenses:Health:Medical:Insurance                                       27.38 USD
  Expenses:Health:Vision:Insurance                                        42.30 USD
  Expenses:Taxes:Y2024:US:Medicare                                       106.62 USD
  Expenses:Taxes:Y2024:US:Federal                                       1062.92 USD
  Expenses:Taxes:Y2024:US:State                                          365.08 USD
  Expenses:Taxes:Y2024:US:CityNYC                                        174.92 USD
  Expenses:Taxes:Y2024:US:SDI                                              1.12 USD
  Expenses:Taxes:Y2024:US:SocSec                                         281.54 USD
  Assets:US:Federal:PreTax401k                                      -1200.00 IRAUSD
  Expenses:Taxes:Y2024:US:Federal:PreTax401k                         1200.00 IRAUSD
  Assets:US:Hooli:Vacation                                                  5 VACHR
  Income:US:Hooli:Vacation                                                 -5 VACHR

2024-02-16 * Corner Deli | Buying groceries
  Liabilities:US:Chase:Slate                                            -127.11 USD
  Expenses:Food:Groceries                                                127.11 USD

2024-02-16 * Employer match for contribution
  Assets:US:Vanguard:Cash                                                600.00 USD
  Income:US:Hooli:Match401k                                             -600.00 USD

P 2024-02-16 00:00:00 VBMPX                  128.24 USD

P 2024-02-16 00:00:00 RGAGX                  121.20 USD

P 2024-02-16 00:00:00 ITOT                    93.89 USD

P 2024-02-16 00:00:00 VEA                    141.15 USD

P 2024-02-16 00:00:00 VHT                    102.69 USD

P 2024-02-16 00:00:00 GLD                     36.38 USD

2024-02-19 * Verizon Wireless |
  Assets:US:BofA:Checking                                                -73.36 USD
  Expenses:Home:Phone                                                     73.36 USD

2024-02-19 * Rose Flower | Eating out after work
  Liabilities:US:Chase:Slate                                             -38.29 USD
  Expenses:Food:Restaurant                                                38.29 USD

2024-02-19 * Investing 40% of cash in VBMPX
  Assets:US:Vanguard:VBMPX                                         3.743 VBMPX @ 128.24 USD
  Assets:US:Vanguard:Cash                                               -480.00 USD
  Equity:Rounding                                                      -0.00232 USD

2024-02-19 * Investing 60% of cash in RGAGX
  Assets:US:Vanguard:RGAGX                                         5.941 RGAGX @ 121.20 USD
  Assets:US:Vanguard:Cash                                               -720.05 USD
  Equity:Rounding                                                       0.00080 USD

2024-02-19 * Investing 40% of cash in VBMPX
  Assets:US:Vanguard:VBMPX                                         1.871 VBMPX @ 128.24 USD
  Assets:US:Vanguard:Cash                                               -239.94 USD
  Equity:Rounding                                                       0.00296 USD

2024-02-19 * Investing 60% of cash in RGAGX
  Assets:US:Vanguard:RGAGX                                         2.970 RGAGX @ 121.20 USD
  Assets:US:Vanguard:Cash                                               -359.96 USD
  Equity:Rounding                                                      -0.00400 USD

2024-02-21 * Farmer Fresh | Buying groceries
  Liabilities:US:Chase:Slate                                            -127.56 USD
  Expenses:Food:Groceries                                                127.56 USD

2024-02-22 * Wine-Tarner Cable |
  Assets:US:BofA:Checking                                                -79.98 USD
  Expenses:Home:Internet                                                  79.98 USD

2024-02-22 * Uncle Boons | Eating out alone
  Liabilities:US:Chase:Slate                                             -34.08 USD
  Expenses:Food:Restaurant                                                34.08 USD

P 2024-02-23 00:00:00 VBMPX                  125.47 USD

P 2024-02-23 00:00:00 RGAGX                  119.68 USD

P 2024-02-23 00:00:00 ITOT                    94.35 USD

P 2024-02-23 00:00:00 VEA                    142.09 USD

P 2024-02-23 00:00:00 VHT                    103.43 USD

P 2024-02-23 00:00:00 GLD                     36.98 USD


2024-02-25 * China Garden | Eating out after work
  Liabilities:US:Chase:Slate                                             -25.11 USD
  Expenses:Food:Restaurant                                                25.11 USD

2024-02-26 * Corner Deli | Buying groceries
  Liabilities:US:Chase:Slate                                             -59.91 USD
  Expenses:Food:Groceries                                                 59.91 USD

2024-02-26 * Metro Transport Authority | Tram tickets
  Liabilities:US:Chase:Slate                                            -120.00 USD
  Expenses:Transport:Tram                                                120.00 USD

2024-02-27 * China Garden | Eating out after work
  Liabilities:US:Chase:Slate                                             -42.75 USD
  Expenses:Food:Restaurant                                                42.75 USD


2024-02-28 * Cafe Modagor | Eating out after work
  Liabilities:US:Chase:Slate                                             -28.16 USD
  Expenses:Food:Restaurant                                                28.16 USD

2024-02-29 * Hooli | Payroll
  Assets:US:BofA:Checking                                               1350.60 USD
  Assets:US:Vanguard:Cash                                               1200.00 USD
  Income:US:Hooli:Salary                                               -4615.38 USD
  Income:US:Hooli:GroupTermLife                                          -24.32 USD
  Expenses:Health:Life:GroupTermLife                                      24.32 USD
  Expenses:Health:Dental:Insurance                                         2.90 USD
  Expenses:Health:Medical:Insurance                                       27.38 USD
  Expenses:Health:Vision:Insurance                                        42.30 USD
  Expenses:Taxes:Y2024:US:Medicare                                       106.62 USD
  Expenses:Taxes:Y2024:US:Federal                                       1062.92 USD
  Expenses:Taxes:Y2024:US:State                                          365.08 USD
  Expenses:Taxes:Y2024:US:CityNYC                                        174.92 USD
  Expenses:Taxes:Y2024:US:SDI                                              1.12 USD
  Expenses:Taxes:Y2024:US:SocSec                                         281.54 USD
  Assets:US:Federal:PreTax401k                                      -1200.00 IRAUSD
  Expenses:Taxes:Y2024:US:Federal:PreTax401k                         1200.00 IRAUSD
  Assets:US:Hooli:Vacation                                                  5 VACHR
  Income:US:Hooli:Vacation                                                 -5 VACHR

2024-03-01 * Employer match for contribution
  Assets:US:Vanguard:Cash                                                600.00 USD
  Income:US:Hooli:Match401k                                             -600.00 USD

P 2024-03-01 00:00:00 VBMPX                  127.51 USD

P 2024-03-01 00:00:00 RGAGX                  119.33 USD

P 2024-03-01 00:00:00 ITOT                    92.81 USD

P 2024-03-01 00:00:00 VEA                    144.53 USD

P 2024-03-01 00:00:00 VHT                    102.08 USD

P 2024-03-01 00:00:00 GLD                     36.22 USD

2024-03-04 * BANK FEES | Monthly bank fee
  Assets:US:BofA:Checking                                                 -4.00 USD
  Expenses:Financial:Fees                                                  4.00 USD

2024-03-04 * RiverBank Properties | Paying the rent
  Assets:US:BofA:Checking                                              -2400.00 USD
  Expenses:Home:Rent                                                    2400.00 USD

2024-03-04 * Goba Goba | Eating out with Joe
  Liabilities:US:Chase:Slate                                             -21.02 USD
  Expenses:Food:Restaurant                                                21.02 USD

2024-03-04 * Investing 40% of cash in VBMPX
  Assets:US:Vanguard:VBMPX                                         3.765 VBMPX @ 127.51 USD
  Assets:US:Vanguard:Cash                                               -480.08 USD
  Equity:Rounding                                                       0.00485 USD

2024-03-04 * Investing 60% of cash in RGAGX
  Assets:US:Vanguard:RGAGX                                         6.034 RGAGX @ 119.33 USD
  Assets:US:Vanguard:Cash                                               -720.04 USD
  Equity:Rounding                                                       0.00278 USD

2024-03-04 * Investing 40% of cash in VBMPX
  Assets:US:Vanguard:VBMPX                                         1.882 VBMPX @ 127.51 USD
  Assets:US:Vanguard:Cash                                               -239.97 USD
  Equity:Rounding                                                      -0.00382 USD

2024-03-04 * Investing 60% of cash in RGAGX
  Assets:US:Vanguard:RGAGX                                         3.017 RGAGX @ 119.33 USD
  Assets:US:Vanguard:Cash                                               -360.02 USD
  Equity:Rounding                                                       0.00139 USD

2024-03-08 * Jewel of Morroco | Eating out with work buddies
  Liabilities:US:Chase:Slate                                             -18.56 USD
  Expenses:Food:Restaurant                                                18.56 USD

P 2024-03-08 00:00:00 VBMPX                  127.12 USD

P 2024-03-08 00:00:00 RGAGX                  120.72 USD

P 2024-03-08 00:00:00 ITOT                    92.73 USD

P 2024-03-08 00:00:00 VEA                    142.02 USD

P 2024-03-08 00:00:00 VHT                     99.91 USD

P 2024-03-08 00:00:00 GLD                     36.33 USD

2024-03-09 * EDISON POWER |
  Assets:US:BofA:Checking                                                -65.00 USD
  Expenses:Home:Electricity                                               65.00 USD

2024-03-10 * Chase:Slate | Paying off credit card
  Liabilities:US:Chase:Slate                                             888.06 USD
  Assets:US:BofA:Checking                                               -888.06 USD

2024-03-12 * Cafe Modagor | Eating out with Joe
  Liabilities:US:Chase:Slate                                             -20.50 USD
  Expenses:Food:Restaurant                                                20.50 USD

2024-03-13 * Corner Deli | Buying groceries
  Liabilities:US:Chase:Slate                                            -108.53 USD
  Expenses:Food:Groceries                                                108.53 USD

2024-03-14 * Uncle Boons | Eating out alone
  Liabilities:US:Chase:Slate                                             -32.46 USD
  Expenses:Food:Restaurant                                                32.46 USD

2024-03-14 * Hooli | Payroll
  Assets:US:BofA:Checking                                               1350.60 USD
  Assets:US:Vanguard:Cash                                               1200.00 USD
  Income:US:Hooli:Salary                                               -4615.38 USD
  Income:US:Hooli:GroupTermLife                                          -24.32 USD
  Expenses:Health:Life:GroupTermLife                                      24.32 USD
  Expenses:Health:Dental:Insurance                                         2.90 USD
  Expenses:Health:Medical:Insurance                                       27.38 USD
  Expenses:Health:Vision:Insurance                                        42.30 USD
  Expenses:Taxes:Y2024:US:Medicare                                       106.62 USD
  Expenses:Taxes:Y2024:US:Federal                                       1062.92 USD
  Expenses:Taxes:Y2024:US:State                                          365.08 USD
  Expenses:Taxes:Y2024:US:CityNYC                                        174.92 USD
  Expenses:Taxes:Y2024:US:SDI                                              1.12 USD
  Expenses:Taxes:Y2024:US:SocSec                                         281.54 USD
  Assets:US:Federal:PreTax401k                                      -1200.00 IRAUSD
  Expenses:Taxes:Y2024:US:Federal:PreTax401k                         1200.00 IRAUSD
  Assets:US:Hooli:Vacation                                                  5 VACHR
  Income:US:Hooli:Vacation                                                 -5 VACHR

2024-03-15 * Uncle Boons | Eating out with Bill
  Liabilities:US:Chase:Slate                                             -18.31 USD
  Expenses:Food:Restaurant                                                18.31 USD

2024-03-15 * Employer match for contribution
  Assets:US:Vanguard:Cash                                                600.00 USD
  Income:US:Hooli:Match401k                                             -600.00 USD

P 2024-03-15 00:00:00 VBMPX                  128.20 USD

P 2024-03-15 00:00:00 RGAGX                  120.24 USD

P 2024-03-15 00:00:00 ITOT                    95.82 USD

P 2024-03-15 00:00:00 VEA                    142.13 USD

P 2024-03-15 00:00:00 VHT                     99.21 USD

P 2024-03-15 00:00:00 GLD                     36.86 USD

2024-03-17 * Rose Flower | Eating out with Joe
  Liabilities:US:Chase:Slate                                             -17.64 USD
  Expenses:Food:Restaurant                                                17.64 USD

2024-03-18 * Verizon Wireless |
  Assets:US:BofA:Checking                                                -58.29 USD
  Expenses:Home:Phone                                                     58.29 USD

2024-03-18 * Goba Goba | Eating out 
  Liabilities:US:Chase:Slate                                             -24.08 USD
  Expenses:Food:Restaurant                                                24.08 USD

2024-03-18 * Investing 40% of cash in VBMPX
  Assets:US:Vanguard:VBMPX                                         3.744 VBMPX @ 128.20 USD
  Assets:US:Vanguard:Cash                                               -479.98 USD
  Equity:Rounding                                                      -0.00080 USD

2024-03-18 * Investing 60% of cash in RGAGX
  Assets:US:Vanguard:RGAGX                                         5.988 RGAGX @ 120.24 USD
  Assets:US:Vanguard:Cash                                               -720.00 USD
  Equity:Rounding                                                       0.00288 USD

2024-03-18 * Investing 40% of cash in VBMPX
  Assets:US:Vanguard:VBMPX                                         1.872 VBMPX @ 128.20 USD
  Assets:US:Vanguard:Cash                                               -239.99 USD
  Equity:Rounding                                                      -0.00040 USD

2024-03-18 * Investing 60% of cash in RGAGX
  Assets:US:Vanguard:RGAGX                                         2.994 RGAGX @ 120.24 USD
  Assets:US:Vanguard:Cash                                               -360.00 USD
  Equity:Rounding                                                       0.00144 USD


2024-03-20 * China Garden | Eating out with Bill
  Liabilities:US:Chase:Slate                                             -30.99 USD
  Expenses:Food:Restaurant                                                30.99 USD


2024-03-22 * Wine-Tarner Cable |
  Assets:US:BofA:Checking                                                -79.96 USD
  Expenses:Home:Internet                                                  79.96 USD

P 2024-03-22 00:00:00 VBMPX                  130.03 USD

P 2024-03-22 00:00:00 RGAGX                  123.17 USD

P 2024-03-22 00:00:00 ITOT                    95.37 USD

P 2024-03-22 00:00:00 VEA                    141.11 USD

P 2024-03-22 00:00:00 VHT                     98.36 USD

P 2024-03-22 00:00:00 GLD                     36.97 USD

2024-03-24 * Goba Goba | Eating out alone
  Liabilities:US:Chase:Slate                                             -27.58 USD
  Expenses:Food:Restaurant                                                27.58 USD

2024-03-27 * China Garden | Eating out with Joe
  Liabilities:US:Chase:Slate                                             -36.34 USD
  Expenses:Food:Restaurant                                                36.34 USD

2024-03-28 * Metro Transport Authority | Tram tickets
  Liabilities:US:Chase:Slate                                            -120.00 USD
  Expenses:Transport:Tram                                                120.00 USD

2024-03-28 * Hooli | Payroll
  Assets:US:BofA:Checking                                               1350.60 USD
  Assets:US:Vanguard:Cash                                               1200.00 USD
  Income:US:Hooli:Salary                                               -4615.38 USD
  Income:US:Hooli:GroupTermLife                                          -24.32 USD
  Expenses:Health:Life:GroupTermLife                                      24.32 USD
  Expenses:Health:Dental:Insurance                                         2.90 USD
  Expenses:Health:Medical:Insurance                                       27.38 USD
  Expenses:Health:Vision:Insurance                                        42.30 USD
  Expenses:Taxes:Y2024:US:Medicare                                       106.62 USD
  Expenses:Taxes:Y2024:US:Federal                                       1062.92 USD
  Expenses:Taxes:Y2024:US:State                                          365.08 USD
  Expenses:Taxes:Y2024:US:CityNYC                                        174.92 USD
  Expenses:Taxes:Y2024:US:SDI                                              1.12 USD
  Expenses:Taxes:Y2024:US:SocSec                                         281.54 USD
  Assets:US:Federal:PreTax401k                                      -1200.00 IRAUSD
  Expenses:Taxes:Y2024:US:Federal:PreTax401k                         1200.00 IRAUSD
  Assets:US:Hooli:Vacation                                                  5 VACHR
  Income:US:Hooli:Vacation                                                 -5 VACHR

2024-03-29 * Employer match for contribution
  Assets:US:Vanguard:Cash                                                600.00 USD
  Income:US:Hooli:Match401k                                             -600.00 USD

P 2024-03-29 00:00:00 VBMPX                  129.77 USD

P 2024-03-29 00:00:00 RGAGX                  121.64 USD

P 2024-03-29 00:00:00 ITOT                    97.55 USD

P 2024-03-29 00:00:00 VEA                    137.04 USD

P 2024-03-29 00:00:00 VHT                    100.29 USD

P 2024-03-29 00:00:00 GLD                     36.85 USD

2024-03-31 * Jewel of Morroco | Eating out with Bill
  Liabilities:US:Chase:Slate                                             -20.30 USD
  Expenses:Food:Restaurant                                                20.30 USD

2024-03-31 * Onion Market | Buying groceries
  Liabilities:US:Chase:Slate                                             -83.68 USD
  Expenses:Food:Groceries                                                 83.68 USD

2024-04-01 * Investing 40% of cash in VBMPX
  Assets:US:Vanguard:VBMPX                                         3.699 VBMPX @ 129.77 USD
  Assets:US:Vanguard:Cash                                               -480.02 USD
  Equity:Rounding                                                       0.00077 USD

2024-04-01 * Investing 60% of cash in RGAGX
  Assets:US:Vanguard:RGAGX                                         5.919 RGAGX @ 121.64 USD
  Assets:US:Vanguard:Cash                                               -719.99 USD
  Equity:Rounding                                                       0.00284 USD

2024-04-01 * Investing 40% of cash in VBMPX
  Assets:US:Vanguard:VBMPX                                         1.849 VBMPX @ 129.77 USD
  Assets:US:Vanguard:Cash                                               -239.94 USD
  Equity:Rounding                                                      -0.00473 USD

2024-04-01 * Investing 60% of cash in RGAGX
  Assets:US:Vanguard:RGAGX                                         2.960 RGAGX @ 121.64 USD
  Assets:US:Vanguard:Cash                                               -360.05 USD
  Equity:Rounding                                                      -0.00440 USD

2024-04-03 * RiverBank Properties | Paying the rent
  Assets:US:BofA:Checking                                              -2400.00 USD
  Expenses:Home:Rent                                                    2400.00 USD

2024-04-04 * BANK FEES | Monthly bank fee
  Assets:US:BofA:Checking                                                 -4.00 USD
  Expenses:Financial:Fees                                                  4.00 USD

2024-04-04 * Kin Soy | Eating out 
  Liabilities:US:Chase:Slate                                             -17.10 USD
  Expenses:Food:Restaurant                                                17.10 USD

P 2024-04-05 00:00:00 VBMPX                  131.66 USD

P 2024-04-05 00:00:00 RGAGX                  123.89 USD

P 2024-04-05 00:00:00 ITOT                    97.09 USD

P 2024-04-05 00:00:00 VEA                    137.47 USD

P 2024-04-05 00:00:00 VHT                    100.78 USD

P 2024-04-05 00:00:00 GLD                     37.53 USD

2024-04-07 * Kin Soy | Eating out with Natasha
  Liabilities:US:Chase:Slate                                             -54.71 USD
  Expenses:Food:Restaurant                                                54.71 USD

2024-04-08 * EDISON POWER |
  Assets:US:BofA:Checking                                                -65.00 USD
  Expenses:Home:Electricity                                               65.00 USD

2024-04-08 * Cafe Modagor | Eating out with work buddies
  Liabilities:US:Chase:Slate                                             -21.44 USD
  Expenses:Food:Restaurant                                                21.44 USD

2024-04-10 * Jewel of Morroco | Eating out with Natasha
  Liabilities:US:Chase:Slate                                             -17.36 USD
  Expenses:Food:Restaurant                                                17.36 USD

2024-04-10 * Chase:Slate | Paying off credit card
  Liabilities:US:Chase:Slate                                             630.52 USD
  Assets:US:BofA:Checking                                               -630.52 USD

2024-04-11 * China Garden | Eating out with Natasha
  Liabilities:US:Chase:Slate                                             -39.87 USD
  Expenses:Food:Restaurant                                                39.87 USD

2024-04-11 * Hooli | Payroll
  Assets:US:BofA:Checking                                               1350.60 USD
  Assets:US:Vanguard:Cash                                               1200.00 USD
  Income:US:Hooli:Salary                                               -4615.38 USD
  Income:US:Hooli:GroupTermLife                                          -24.32 USD
  Expenses:Health:Life:GroupTermLife                                      24.32 USD
  Expenses:Health:Dental:Insurance                                         2.90 USD
  Expenses:Health:Medical:Insurance                                       27.38 USD
  Expenses:Health:Vision:Insurance                                        42.30 USD
  Expenses:Taxes:Y2024:US:Medicare                                       106.62 USD
  Expenses:Taxes:Y2024:US:Federal                                       1062.92 USD
  Expenses:Taxes:Y2024:US:State                                          365.08 USD
  Expenses:Taxes:Y2024:US:CityNYC                                        174.92 USD
  Expenses:Taxes:Y2024:US:SDI                                              1.12 USD
  Expenses:Taxes:Y2024:US:SocSec                                         281.54 USD
  Assets:US:Federal:PreTax401k                                      -1200.00 IRAUSD
  Expenses:Taxes:Y2024:US:Federal:PreTax401k                         1200.00 IRAUSD
  Assets:US:Hooli:Vacation                                                  5 VACHR
  Income:US:Hooli:Vacation                                                 -5 VACHR

2024-04-12 * Employer match for contribution
  Assets:US:Vanguard:Cash                                                600.00 USD
  Income:US:Hooli:Match401k                                             -600.00 USD

P 2024-04-12 00:00:00 VBMPX                  133.64 USD

P 2024-04-12 00:00:00 RGAGX                  124.38 USD

P 2024-04-12 00:00:00 ITOT                    96.71 USD

P 2024-04-12 00:00:00 VEA                    141.82 USD

P 2024-04-12 00:00:00 VHT                    100.99 USD

P 2024-04-12 00:00:00 GLD                     38.17 USD

2024-04-13 * Kin Soy | Eating out with Bill
  Liabilities:US:Chase:Slate                                             -44.61 USD
  Expenses:Food:Restaurant                                                44.61 USD

2024-04-15 * Goba Goba | Eating out with Bill
  Liabilities:US:Chase:Slate                                             -32.65 USD
  Expenses:Food:Restaurant                                                32.65 USD

2024-04-15 * Onion Market | Buying groceries
  Liabilities:US:Chase:Slate                                            -111.31 USD
  Expenses:Food:Groceries                                                111.31 USD

2024-04-15 * Investing 40% of cash in VBMPX
  Assets:US:Vanguard:VBMPX                                         3.592 VBMPX @ 133.64 USD
  Assets:US:Vanguard:Cash                                               -480.03 USD
  Equity:Rounding                                                      -0.00488 USD

2024-04-15 * Investing 60% of cash in RGAGX
  Assets:US:Vanguard:RGAGX                                         5.789 RGAGX @ 124.38 USD
  Assets:US:Vanguard:Cash                                               -720.04 USD
  Equity:Rounding                                                       0.00418 USD

2024-04-15 * Investing 40% of cash in VBMPX
  Assets:US:Vanguard:VBMPX                                         1.796 VBMPX @ 133.64 USD
  Assets:US:Vanguard:Cash                                               -240.02 USD
  Equity:Rounding                                                       0.00256 USD

2024-04-15 * Investing 60% of cash in RGAGX
  Assets:US:Vanguard:RGAGX                                         2.894 RGAGX @ 124.38 USD
  Assets:US:Vanguard:Cash                                               -359.96 USD
  Equity:Rounding                                                       0.00428 USD

2024-04-17 * Rose Flower | Eating out with Natasha
  Liabilities:US:Chase:Slate                                             -37.53 USD
  Expenses:Food:Restaurant                                                37.53 USD



2024-04-18 * Verizon Wireless |
  Assets:US:BofA:Checking                                                -64.48 USD
  Expenses:Home:Phone                                                     64.48 USD

2024-04-19 * Chichipotle | Eating out alone
  Liabilities:US:Chase:Slate                                             -22.13 USD
  Expenses:Food:Restaurant                                                22.13 USD

P 2024-04-19 00:00:00 VBMPX                  136.75 USD

P 2024-04-19 00:00:00 RGAGX                  123.68 USD

P 2024-04-19 00:00:00 ITOT                    95.82 USD

P 2024-04-19 00:00:00 VEA                    143.36 USD

P 2024-04-19 00:00:00 VHT                    101.31 USD

P 2024-04-19 00:00:00 GLD                     38.07 USD

2024-04-20 * Rose Flower | Eating out after work
  Liabilities:US:Chase:Slate                                             -78.53 USD
  Expenses:Food:Restaurant                                                78.53 USD

2024-04-22 * Wine-Tarner Cable |
  Assets:US:BofA:Checking                                                -79.93 USD
  Expenses:Home:Internet                                                  79.93 USD

2024-04-22 * Goba Goba | Eating out with Joe
  Liabilities:US:Chase:Slate                                             -40.65 USD
  Expenses:Food:Restaurant                                                40.65 USD

2024-04-24 * Rose Flower | Eating out with Julie
  Liabilities:US:Chase:Slate                                             -26.07 USD
  Expenses:Food:Restaurant                                                26.07 USD

2024-04-25 * Hooli | Payroll
  Assets:US:BofA:Checking                                               1350.60 USD
  Assets:US:Vanguard:Cash                                               1200.00 USD
  Income:US:Hooli:Salary                                               -4615.38 USD
  Income:US:Hooli:GroupTermLife                                          -24.32 USD
  Expenses:Health:Life:GroupTermLife                                      24.32 USD
  Expenses:Health:Dental:Insurance                                         2.90 USD
  Expenses:Health:Medical:Insurance                                       27.38 USD
  Expenses:Health:Vision:Insurance                                        42.30 USD
  Expenses:Taxes:Y2024:US:Medicare                                       106.62 USD
  Expenses:Taxes:Y2024:US:Federal                                       1062.92 USD
  Expenses:Taxes:Y2024:US:State                                          365.08 USD
  Expenses:Taxes:Y2024:US:CityNYC                                        174.92 USD
  Expenses:Taxes:Y2024:US:SDI                                              1.12 USD
  Expenses:Taxes:Y2024:US:SocSec                                         281.54 USD
  Assets:US:Federal:PreTax401k                                      -1200.00 IRAUSD
  Expenses:Taxes:Y2024:US:Federal:PreTax401k                         1200.00 IRAUSD
  Assets:US:Hooli:Vacation                                                  5 VACHR
  Income:US:Hooli:Vacation                                                 -5 VACHR

2024-04-26 * Employer match for contribution
  Assets:US:Vanguard:Cash                                                600.00 USD
  Income:US:Hooli:Match401k                                             -600.00 USD

P 2024-04-26 00:00:00 VBMPX                  137.01 USD

P 2024-04-26 00:00:00 RGAGX                  122.87 USD

P 2024-04-26 00:00:00 ITOT                    96.51 USD

P 2024-04-26 00:00:00 VEA                    140.29 USD

P 2024-04-26 00:00:00 VHT                    100.83 USD

P 2024-04-26 00:00:00 GLD                     38.41 USD

2024-04-27 * Rose Flower | Eating out alone
  Liabilities:US:Chase:Slate                                             -20.93 USD
  Expenses:Food:Restaurant                                                20.93 USD

2024-04-29 * Investing 40% of cash in VBMPX
  Assets:US:Vanguard:VBMPX                                         3.503 VBMPX @ 137.01 USD
  Assets:US:Vanguard:Cash                                               -479.95 USD
  Equity:Rounding                                                       0.00397 USD

2024-04-29 * Investing 60% of cash in RGAGX
  Assets:US:Vanguard:RGAGX                                         5.860 RGAGX @ 122.87 USD
  Assets:US:Vanguard:Cash                                               -720.02 USD
  Equity:Rounding                                                       0.00180 USD

2024-04-29 * Investing 40% of cash in VBMPX
  Assets:US:Vanguard:VBMPX                                         1.752 VBMPX @ 137.01 USD
  Assets:US:Vanguard:Cash                                               -240.04 USD
  Equity:Rounding                                                      -0.00152 USD

2024-04-29 * Investing 60% of cash in RGAGX
  Assets:US:Vanguard:RGAGX                                         2.930 RGAGX @ 122.87 USD
  Assets:US:Vanguard:Cash                                               -360.01 USD
  Equity:Rounding                                                       0.00090 USD

2024-04-30 * Metro Transport Authority | Tram tickets
  Liabilities:US:Chase:Slate                                            -120.00 USD
  Expenses:Transport:Tram                                                120.00 USD

2024-05-01 * Cafe Modagor | Eating out after work
  Liabilities:US:Chase:Slate                                             -23.47 USD
  Expenses:Food:Restaurant                                                23.47 USD

P 2024-05-03 00:00:00 VBMPX                  136.09 USD

P 2024-05-03 00:00:00 RGAGX                  123.13 USD

P 2024-05-03 00:00:00 ITOT                    97.22 USD

P 2024-05-03 00:00:00 VEA                    142.58 USD

P 2024-05-03 00:00:00 VHT                     99.40 USD

P 2024-05-03 00:00:00 GLD                     38.64 USD

2024-05-04 * BANK FEES | Monthly bank fee
  Assets:US:BofA:Checking                                                 -4.00 USD
  Expenses:Financial:Fees                                                  4.00 USD

2024-05-04 * Jewel of Morroco | Eating out with work buddies
  Liabilities:US:Chase:Slate                                             -17.86 USD
  Expenses:Food:Restaurant                                                17.86 USD

2024-05-04 * Corner Deli | Buying groceries
  Liabilities:US:Chase:Slate                                             -66.37 USD
  Expenses:Food:Groceries                                                 66.37 USD

2024-05-05 * Uncle Boons | Eating out with work buddies
  Liabilities:US:Chase:Slate                                             -50.42 USD
  Expenses:Food:Restaurant                                                50.42 USD

2024-05-06 * RiverBank Properties | Paying the rent
  Assets:US:BofA:Checking                                              -2400.00 USD
  Expenses:Home:Rent                                                    2400.00 USD

2024-05-06 * Jewel of Morroco | Eating out with work buddies
  Liabilities:US:Chase:Slate                                             -28.47 USD
  Expenses:Food:Restaurant                                                28.47 USD


2024-05-08 * EDISON POWER |
  Assets:US:BofA:Checking                                                -65.00 USD
  Expenses:Home:Electricity                                               65.00 USD

2024-05-09 * Rose Flower | Eating out with Natasha
  Liabilities:US:Chase:Slate                                             -20.00 USD
  Expenses:Food:Restaurant                                                20.00 USD

2024-05-09 * Hooli | Payroll
  Assets:US:BofA:Checking                                               1350.60 USD
  Assets:US:Vanguard:Cash                                               1200.00 USD
  Income:US:Hooli:Salary                                               -4615.38 USD
  Income:US:Hooli:GroupTermLife                                          -24.32 USD
  Expenses:Health:Life:GroupTermLife                                      24.32 USD
  Expenses:Health:Dental:Insurance                                         2.90 USD
  Expenses:Health:Medical:Insurance                                       27.38 USD
  Expenses:Health:Vision:Insurance                                        42.30 USD
  Expenses:Taxes:Y2024:US:Medicare                                       106.62 USD
  Expenses:Taxes:Y2024:US:Federal                                       1062.92 USD
  Expenses:Taxes:Y2024:US:State                                          365.08 USD
  Expenses:Taxes:Y2024:US:CityNYC                                        174.92 USD
  Expenses:Taxes:Y2024:US:SDI                                              1.12 USD
  Expenses:Taxes:Y2024:US:SocSec                                         281.54 USD
  Assets:US:Federal:PreTax401k                                      -1200.00 IRAUSD
  Expenses:Taxes:Y2024:US:Federal:PreTax401k                         1200.00 IRAUSD
  Assets:US:Hooli:Vacation                                                  5 VACHR
  Income:US:Hooli:Vacation                                                 -5 VACHR


2024-05-10 * Employer match for contribution
  Assets:US:Vanguard:Cash                                                600.00 USD
  Income:US:Hooli:Match401k                                             -600.00 USD

P 2024-05-10 00:00:00 VBMPX                  140.41 USD

P 2024-05-10 00:00:00 RGAGX                  122.53 USD

P 2024-05-10 00:00:00 ITOT                    96.90 USD

P 2024-05-10 00:00:00 VEA                    142.07 USD

P 2024-05-10 00:00:00 VHT                     98.36 USD

P 2024-05-10 00:00:00 GLD                     38.66 USD

2024-05-11 * Chase:Slate | Paying off credit card
  Liabilities:US:Chase:Slate                                             833.31 USD
  Assets:US:BofA:Checking                                               -833.31 USD

2024-05-12 * Jewel of Morroco | Eating out after work
  Liabilities:US:Chase:Slate                                             -52.44 USD
  Expenses:Food:Restaurant                                                52.44 USD

2024-05-13 * Cafe Modagor | Eating out with Julie
  Liabilities:US:Chase:Slate                                             -37.12 USD
  Expenses:Food:Restaurant                                                37.12 USD

2024-05-13 * Investing 40% of cash in VBMPX
  Assets:US:Vanguard:VBMPX                                         3.418 VBMPX @ 140.41 USD
  Assets:US:Vanguard:Cash                                               -479.92 USD
  Equity:Rounding                                                      -0.00138 USD

2024-05-13 * Investing 60% of cash in RGAGX
  Assets:US:Vanguard:RGAGX                                         5.876 RGAGX @ 122.53 USD
  Assets:US:Vanguard:Cash                                               -719.99 USD
  Equity:Rounding                                                       0.00372 USD

2024-05-13 * Investing 40% of cash in VBMPX
  Assets:US:Vanguard:VBMPX                                         1.709 VBMPX @ 140.41 USD
  Assets:US:Vanguard:Cash                                               -239.96 USD
  Equity:Rounding                                                      -0.00069 USD

2024-05-13 * Investing 60% of cash in RGAGX
  Assets:US:Vanguard:RGAGX                                         2.938 RGAGX @ 122.53 USD
  Assets:US:Vanguard:Cash                                               -359.99 USD
  Equity:Rounding                                                      -0.00314 USD

2024-05-16 * Corner Deli | Buying groceries
  Liabilities:US:Chase:Slate                                             -61.47 USD
  Expenses:Food:Groceries                                                 61.47 USD

2024-05-17 * Rose Flower | Eating out with Natasha
  Liabilities:US:Chase:Slate                                             -18.30 USD
  Expenses:Food:Restaurant                                                18.30 USD

P 2024-05-17 00:00:00 VBMPX                  141.44 USD

P 2024-05-17 00:00:00 RGAGX                  121.66 USD

P 2024-05-17 00:00:00 ITOT                    97.07 USD

P 2024-05-17 00:00:00 VEA                    143.77 USD

P 2024-05-17 00:00:00 VHT                     97.97 USD

P 2024-05-17 00:00:00 GLD                     38.35 USD

2024-05-18 * Verizon Wireless |
  Assets:US:BofA:Checking                                                -58.88 USD
  Expenses:Home:Phone                                                     58.88 USD

2024-05-21 * Wine-Tarner Cable |
  Assets:US:BofA:Checking                                                -80.05 USD
  Expenses:Home:Internet                                                  80.05 USD

2024-05-21 * China Garden | Eating out after work
  Liabilities:US:Chase:Slate                                             -43.98 USD
  Expenses:Food:Restaurant                                                43.98 USD

2024-05-23 * Hooli | Payroll
  Assets:US:BofA:Checking                                               1350.60 USD
  Assets:US:Vanguard:Cash                                               1200.00 USD
  Income:US:Hooli:Salary                                               -4615.38 USD
  Income:US:Hooli:GroupTermLife                                          -24.32 USD
  Expenses:Health:Life:GroupTermLife                                      24.32 USD
  Expenses:Health:Dental:Insurance                                         2.90 USD
  Expenses:Health:Medical:Insurance                                       27.38 USD
  Expenses:Health:Vision:Insurance                                        42.30 USD
  Expenses:Taxes:Y2024:US:Medicare                                       106.62 USD
  Expenses:Taxes:Y2024:US:Federal                                       1062.92 USD
  Expenses:Taxes:Y2024:US:State                                          365.08 USD
  Expenses:Taxes:Y2024:US:CityNYC                                        174.92 USD
  Expenses:Taxes:Y2024:US:SDI                                              1.12 USD
  Expenses:Taxes:Y2024:US:SocSec                                         281.54 USD
  Assets:US:Federal:PreTax401k                                      -1200.00 IRAUSD
  Expenses:Taxes:Y2024:US:Federal:PreTax401k                         1200.00 IRAUSD
  Assets:US:Hooli:Vacation                                                  5 VACHR
  Income:US:Hooli:Vacation                                                 -5 VACHR

2024-05-24 * Employer match for contribution
  Assets:US:Vanguard:Cash                                                600.00 USD
  Income:US:Hooli:Match401k                                             -600.00 USD

P 2024-05-24 00:00:00 VBMPX                  141.98 USD

P 2024-05-24 00:00:00 RGAGX                  118.94 USD

P 2024-05-24 00:00:00 ITOT                    98.75 USD

P 2024-05-24 00:00:00 VEA                    144.09 USD

P 2024-05-24 00:00:00 VHT                     97.17 USD

P 2024-05-24 00:00:00 GLD                     38.15 USD

2024-05-26 * Rose Flower | Eating out with work buddies
  Liabilities:US:Chase:Slate                                             -30.23 USD
  Expenses:Food:Restaurant                                                30.23 USD

2024-05-27 * Investing 40% of cash in VBMPX
  Assets:US:Vanguard:VBMPX                                         3.381 VBMPX @ 141.98 USD
  Assets:US:Vanguard:Cash                                               -480.03 USD
  Equity:Rounding                                                      -0.00438 USD

2024-05-27 * Investing 60% of cash in RGAGX
  Assets:US:Vanguard:RGAGX                                         6.054 RGAGX @ 118.94 USD
  Assets:US:Vanguard:Cash                                               -720.06 USD
  Equity:Rounding                                                      -0.00276 USD

2024-05-27 * Investing 40% of cash in VBMPX
  Assets:US:Vanguard:VBMPX                                         1.690 VBMPX @ 141.98 USD
  Assets:US:Vanguard:Cash                                               -239.95 USD
  Equity:Rounding                                                       0.00380 USD

2024-05-27 * Investing 60% of cash in RGAGX
  Assets:US:Vanguard:RGAGX                                         3.027 RGAGX @ 118.94 USD
  Assets:US:Vanguard:Cash                                               -360.03 USD
  Equity:Rounding                                                      -0.00138 USD

2024-05-28 * Farmer Fresh | Buying groceries
  Liabilities:US:Chase:Slate                                             -97.70 USD
  Expenses:Food:Groceries                                                 97.70 USD


2024-05-30 * Rose Flower | Eating out with Natasha
  Liabilities:US:Chase:Slate                                            -102.65 USD
  Expenses:Food:Restaurant                                               102.65 USD

P 2024-05-31 00:00:00 VBMPX                  141.97 USD

P 2024-05-31 00:00:00 RGAGX                  118.33 USD

P 2024-05-31 00:00:00 ITOT                    95.94 USD

P 2024-05-31 00:00:00 VEA                    148.00 USD

P 2024-05-31 00:00:00 VHT                     97.14 USD

P 2024-05-31 00:00:00 GLD                     37.89 USD

2024-06-01 * Rose Flower | Eating out 
  Liabilities:US:Chase:Slate                                             -26.90 USD
  Expenses:Food:Restaurant                                                26.90 USD

2024-06-02 * Metro Transport Authority | Tram tickets
  Liabilities:US:Chase:Slate                                            -120.00 USD
  Expenses:Transport:Tram                                                120.00 USD


2024-06-04 * BANK FEES | Monthly bank fee
  Assets:US:BofA:Checking                                                 -4.00 USD
  Expenses:Financial:Fees                                                  4.00 USD

2024-06-04 * Kin Soy | Eating out with Joe
  Liabilities:US:Chase:Slate                                             -21.97 USD
  Expenses:Food:Restaurant                                                21.97 USD

2024-06-04 * Good Moods Market | Buying groceries
  Liabilities:US:Chase:Slate                                            -121.13 USD
  Expenses:Food:Groceries                                                121.13 USD

2024-06-05 * RiverBank Properties | Paying the rent
  Assets:US:BofA:Checking                                              -2400.00 USD
  Expenses:Home:Rent                                                    2400.00 USD

2024-06-05 * Uncle Boons | Eating out with Natasha
  Liabilities:US:Chase:Slate                                             -20.34 USD
  Expenses:Food:Restaurant                                                20.34 USD

2024-06-06 * Hooli | Payroll
  Assets:US:BofA:Checking                                               1350.60 USD
  Assets:US:Vanguard:Cash                                               1200.00 USD
  Income:US:Hooli:Salary                                               -4615.38 USD
  Income:US:Hooli:GroupTermLife                                          -24.32 USD
  Expenses:Health:Life:GroupTermLife                                      24.32 USD
  Expenses:Health:Dental:Insurance                                         2.90 USD
  Expenses:Health:Medical:Insurance                                       27.38 USD
  Expenses:Health:Vision:Insurance                                        42.30 USD
  Expenses:Taxes:Y2024:US:Medicare                                       106.62 USD
  Expenses:Taxes:Y2024:US:Federal                                       1062.92 USD
  Expenses:Taxes:Y2024:US:State                                          365.08 USD
  Expenses:Taxes:Y2024:US:CityNYC                                        174.92 USD
  Expenses:Taxes:Y2024:US:SDI                                              1.12 USD
  Expenses:Taxes:Y2024:US:SocSec                                         281.54 USD
  Assets:US:Federal:PreTax401k                                      -1200.00 IRAUSD
  Expenses:Taxes:Y2024:US:Federal:PreTax401k                         1200.00 IRAUSD
  Assets:US:Hooli:Vacation                                                  5 VACHR
  Income:US:Hooli:Vacation                                                 -5 VACHR

2024-06-07 * Employer match for contribution
  Assets:US:Vanguard:Cash                                                600.00 USD
  Income:US:Hooli:Match401k                                             -600.00 USD

P 2024-06-07 00:00:00 VBMPX                  145.23 USD

P 2024-06-07 00:00:00 RGAGX                  116.21 USD

P 2024-06-07 00:00:00 ITOT                    94.74 USD

P 2024-06-07 00:00:00 VEA                    148.44 USD

P 2024-06-07 00:00:00 VHT                     95.97 USD

P 2024-06-07 00:00:00 GLD                     38.27 USD

2024-06-08 * EDISON POWER |
  Assets:US:BofA:Checking                                                -65.00 USD
  Expenses:Home:Electricity                                               65.00 USD

2024-06-09 * Goba Goba | Eating out after work
  Liabilities:US:Chase:Slate                                             -11.11 USD
  Expenses:Food:Restaurant                                                11.11 USD

2024-06-09 * Farmer Fresh | Buying groceries
  Liabilities:US:Chase:Slate                                             -96.18 USD
  Expenses:Food:Groceries                                                 96.18 USD

2024-06-10 * Chase:Slate | Paying off credit card
  Liabilities:US:Chase:Slate                                             862.54 USD
  Assets:US:BofA:Checking                                               -862.54 USD

2024-06-10 * Investing 40% of cash in VBMPX
  Assets:US:Vanguard:VBMPX                                         3.305 VBMPX @ 145.23 USD
  Assets:US:Vanguard:Cash                                               -479.99 USD
  Equity:Rounding                                                       0.00485 USD

2024-06-10 * Investing 60% of cash in RGAGX
  Assets:US:Vanguard:RGAGX                                         6.196 RGAGX @ 116.21 USD
  Assets:US:Vanguard:Cash                                               -720.04 USD
  Equity:Rounding                                                       0.00284 USD

2024-06-10 * Investing 40% of cash in VBMPX
  Assets:US:Vanguard:VBMPX                                         1.652 VBMPX @ 145.23 USD
  Assets:US:Vanguard:Cash                                               -239.92 USD
  Equity:Rounding                                                       0.00004 USD

2024-06-10 * Investing 60% of cash in RGAGX
  Assets:US:Vanguard:RGAGX                                         3.098 RGAGX @ 116.21 USD
  Assets:US:Vanguard:Cash                                               -360.02 USD
  Equity:Rounding                                                       0.00142 USD

2024-06-14 * Chichipotle | Eating out after work
  Liabilities:US:Chase:Slate                                             -53.46 USD
  Expenses:Food:Restaurant                                                53.46 USD

P 2024-06-14 00:00:00 VBMPX                  145.88 USD

P 2024-06-14 00:00:00 RGAGX                  119.01 USD

P 2024-06-14 00:00:00 ITOT                    93.68 USD

P 2024-06-14 00:00:00 VEA                    149.07 USD

P 2024-06-14 00:00:00 VHT                     97.30 USD

P 2024-06-14 00:00:00 GLD                     38.21 USD

2024-06-16 * Kin Soy | Eating out after work
  Liabilities:US:Chase:Slate                                             -22.84 USD
  Expenses:Food:Restaurant                                                22.84 USD

2024-06-18 * Verizon Wireless |
  Assets:US:BofA:Checking                                                -78.78 USD
  Expenses:Home:Phone                                                     78.78 USD

2024-06-20 * Hooli | Payroll
  Assets:US:BofA:Checking                                               1350.60 USD
  Assets:US:Vanguard:Cash                                               1200.00 USD
  Income:US:Hooli:Salary                                               -4615.38 USD
  Income:US:Hooli:GroupTermLife                                          -24.32 USD
  Expenses:Health:Life:GroupTermLife                                      24.32 USD
  Expenses:Health:Dental:Insurance                                         2.90 USD
  Expenses:Health:Medical:Insurance                                       27.38 USD
  Expenses:Health:Vision:Insurance                                        42.30 USD
  Expenses:Taxes:Y2024:US:Medicare                                       106.62 USD
  Expenses:Taxes:Y2024:US:Federal                                       1062.92 USD
  Expenses:Taxes:Y2024:US:State                                          365.08 USD
  Expenses:Taxes:Y2024:US:CityNYC                                        174.92 USD
  Expenses:Taxes:Y2024:US:SDI                                              1.12 USD
  Expenses:Taxes:Y2024:US:SocSec                                         281.54 USD
  Assets:US:Federal:PreTax401k                                      -1200.00 IRAUSD
  Expenses:Taxes:Y2024:US:Federal:PreTax401k                         1200.00 IRAUSD
  Assets:US:Hooli:Vacation                                                  5 VACHR
  Income:US:Hooli:Vacation                                                 -5 VACHR

2024-06-21 * Jewel of Morroco | Eating out with Bill
  Liabilities:US:Chase:Slate                                             -37.16 USD
  Expenses:Food:Restaurant                                                37.16 USD

2024-06-21 * Employer match for contribution
  Assets:US:Vanguard:Cash                                                600.00 USD
  Income:US:Hooli:Match401k                                             -600.00 USD

P 2024-06-21 00:00:00 VBMPX                  146.66 USD

P 2024-06-21 00:00:00 RGAGX                  116.84 USD

P 2024-06-21 00:00:00 ITOT                    93.82 USD

P 2024-06-21 00:00:00 VEA                    152.36 USD

P 2024-06-21 00:00:00 VHT                     96.01 USD

P 2024-06-21 00:00:00 GLD                     38.79 USD


2024-06-23 * Wine-Tarner Cable |
  Assets:US:BofA:Checking                                                -80.17 USD
  Expenses:Home:Internet                                                  80.17 USD

2024-06-23 * Uncle Boons | Eating out with Bill
  Liabilities:US:Chase:Slate                                             -28.90 USD
  Expenses:Food:Restaurant                                                28.90 USD

2024-06-24 * Goba Goba | Eating out with Julie
  Liabilities:US:Chase:Slate                                             -13.61 USD
  Expenses:Food:Restaurant                                                13.61 USD

2024-06-24 * Investing 40% of cash in VBMPX
  Assets:US:Vanguard:VBMPX                                         3.273 VBMPX @ 146.66 USD
  Assets:US:Vanguard:Cash                                               -480.02 USD
  Equity:Rounding                                                       0.00182 USD

2024-06-24 * Investing 60% of cash in RGAGX
  Assets:US:Vanguard:RGAGX                                         6.162 RGAGX @ 116.84 USD
  Assets:US:Vanguard:Cash                                               -719.97 USD
  Equity:Rounding                                                       0.00192 USD

2024-06-24 * Investing 40% of cash in VBMPX
  Assets:US:Vanguard:VBMPX                                         1.637 VBMPX @ 146.66 USD
  Assets:US:Vanguard:Cash                                               -240.08 USD
  Equity:Rounding                                                      -0.00242 USD

2024-06-24 * Investing 60% of cash in RGAGX
  Assets:US:Vanguard:RGAGX                                         3.081 RGAGX @ 116.84 USD
  Assets:US:Vanguard:Cash                                               -359.98 USD
  Equity:Rounding                                                      -0.00404 USD


2024-06-25 * Good Moods Market | Buying groceries
  Liabilities:US:Chase:Slate                                             -88.26 USD
  Expenses:Food:Groceries                                                 88.26 USD

2024-06-28 * Jewel of Morroco | Eating out 
  Liabilities:US:Chase:Slate                                             -36.87 USD
  Expenses:Food:Restaurant                                                36.87 USD

P 2024-06-28 00:00:00 VBMPX                  147.91 USD

P 2024-06-28 00:00:00 RGAGX                  117.33 USD

P 2024-06-28 00:00:00 ITOT                    95.39 USD

P 2024-06-28 00:00:00 VEA                    149.83 USD

P 2024-06-28 00:00:00 VHT                     94.64 USD

P 2024-06-28 00:00:00 GLD                     39.03 USD

2024-06-30 * Uncle Boons | Eating out after work
  Liabilities:US:Chase:Slate                                             -47.86 USD
  Expenses:Food:Restaurant                                                47.86 USD

2024-07-01 * Kin Soy | Eating out with work buddies
  Liabilities:US:Chase:Slate                                             -36.63 USD
  Expenses:Food:Restaurant                                                36.63 USD

2024-07-01 * Metro Transport Authority | Tram tickets
  Liabilities:US:Chase:Slate                                            -120.00 USD
  Expenses:Transport:Tram                                                120.00 USD

2024-07-04 * BANK FEES | Monthly bank fee
  Assets:US:BofA:Checking                                                 -4.00 USD
  Expenses:Financial:Fees                                                  4.00 USD

2024-07-04 * RiverBank Properties | Paying the rent
  Assets:US:BofA:Checking                                              -2400.00 USD
  Expenses:Home:Rent                                                    2400.00 USD

2024-07-04 * Hooli | Payroll
  Assets:US:BofA:Checking                                               1350.60 USD
  Assets:US:Vanguard:Cash                                               1200.00 USD
  Income:US:Hooli:Salary                                               -4615.38 USD
  Income:US:Hooli:GroupTermLife                                          -24.32 USD
  Expenses:Health:Life:GroupTermLife                                      24.32 USD
  Expenses:Health:Dental:Insurance                                         2.90 USD
  Expenses:Health:Medical:Insurance                                       27.38 USD
  Expenses:Health:Vision:Insurance                                        42.30 USD
  Expenses:Taxes:Y2024:US:Medicare                                       106.62 USD
  Expenses:Taxes:Y2024:US:Federal                                       1062.92 USD
  Expenses:Taxes:Y2024:US:State                                          365.08 USD
  Expenses:Taxes:Y2024:US:CityNYC                                        174.92 USD
  Expenses:Taxes:Y2024:US:SDI                                              1.12 USD
  Expenses:Taxes:Y2024:US:SocSec                                         281.54 USD
  Assets:US:Federal:PreTax401k                                      -1200.00 IRAUSD
  Expenses:Taxes:Y2024:US:Federal:PreTax401k                         1200.00 IRAUSD
  Assets:US:Hooli:Vacation                                                  5 VACHR
  Income:US:Hooli:Vacation                                                 -5 VACHR

2024-07-05 * Employer match for contribution
  Assets:US:Vanguard:Cash                                                600.00 USD
  Income:US:Hooli:Match401k                                             -600.00 USD

P 2024-07-05 00:00:00 VBMPX                  147.20 USD

P 2024-07-05 00:00:00 RGAGX                  117.22 USD

P 2024-07-05 00:00:00 ITOT                    97.28 USD

P 2024-07-05 00:00:00 VEA                    153.02 USD

P 2024-07-05 00:00:00 VHT                     95.01 USD

P 2024-07-05 00:00:00 GLD                     39.94 USD

2024-07-06 * Uncle Boons | Eating out alone
  Liabilities:US:Chase:Slate                                             -32.09 USD
  Expenses:Food:Restaurant                                                32.09 USD

2024-07-08 * Good Moods Market | Buying groceries
  Liabilities:US:Chase:Slate                                             -47.08 USD
  Expenses:Food:Groceries                                                 47.08 USD

2024-07-08 * Investing 40% of cash in VBMPX
  Assets:US:Vanguard:VBMPX                                         3.261 VBMPX @ 147.20 USD
  Assets:US:Vanguard:Cash                                               -480.02 USD
  Equity:Rounding                                                       0.00080 USD

2024-07-08 * Investing 60% of cash in RGAGX
  Assets:US:Vanguard:RGAGX                                         6.142 RGAGX @ 117.22 USD
  Assets:US:Vanguard:Cash                                               -719.97 USD
  Equity:Rounding                                                       0.00476 USD

2024-07-08 * Investing 40% of cash in VBMPX
  Assets:US:Vanguard:VBMPX                                         1.630 VBMPX @ 147.20 USD
  Assets:US:Vanguard:Cash                                               -239.94 USD
  Equity:Rounding                                                       0.00400 USD

2024-07-08 * Investing 60% of cash in RGAGX
  Assets:US:Vanguard:RGAGX                                         3.071 RGAGX @ 117.22 USD
  Assets:US:Vanguard:Cash                                               -359.98 USD
  Equity:Rounding                                                      -0.00262 USD

2024-07-09 * EDISON POWER |
  Assets:US:BofA:Checking                                                -65.00 USD
  Expenses:Home:Electricity                                               65.00 USD

2024-07-10 * Cafe Modagor | Eating out with Natasha
  Liabilities:US:Chase:Slate                                             -20.31 USD
  Expenses:Food:Restaurant                                                20.31 USD

2024-07-11 * Chase:Slate | Paying off credit card
  Liabilities:US:Chase:Slate                                             549.27 USD
  Assets:US:BofA:Checking                                               -549.27 USD

P 2024-07-12 00:00:00 VBMPX                  148.43 USD

P 2024-07-12 00:00:00 RGAGX                  118.59 USD

P 2024-07-12 00:00:00 ITOT                    98.10 USD

P 2024-07-12 00:00:00 VEA                    162.50 USD

P 2024-07-12 00:00:00 VHT                     94.23 USD

P 2024-07-12 00:00:00 GLD                     38.84 USD

2024-07-14 * Chichipotle | Eating out with Julie
  Liabilities:US:Chase:Slate                                             -17.66 USD
  Expenses:Food:Restaurant                                                17.66 USD

2024-07-15 * Onion Market | Buying groceries
  Liabilities:US:Chase:Slate                                             -57.51 USD
  Expenses:Food:Groceries                                                 57.51 USD

2024-07-18 * Kin Soy | Eating out with Joe
  Liabilities:US:Chase:Slate                                             -87.49 USD
  Expenses:Food:Restaurant                                                87.49 USD

2024-07-18 * Hooli | Payroll
  Assets:US:BofA:Checking                                               1350.60 USD
  Assets:US:Vanguard:Cash                                               1200.00 USD
  Income:US:Hooli:Salary                                               -4615.38 USD
  Income:US:Hooli:GroupTermLife                                          -24.32 USD
  Expenses:Health:Life:GroupTermLife                                      24.32 USD
  Expenses:Health:Dental:Insurance                                         2.90 USD
  Expenses:Health:Medical:Insurance                                       27.38 USD
  Expenses:Health:Vision:Insurance                                        42.30 USD
  Expenses:Taxes:Y2024:US:Medicare                                       106.62 USD
  Expenses:Taxes:Y2024:US:Federal                                       1062.92 USD
  Expenses:Taxes:Y2024:US:State                                          365.08 USD
  Expenses:Taxes:Y2024:US:CityNYC                                        174.92 USD
  Expenses:Taxes:Y2024:US:SDI                                              1.12 USD
  Expenses:Taxes:Y2024:US:SocSec                                         281.54 USD
  Assets:US:Federal:PreTax401k                                      -1200.00 IRAUSD
  Expenses:Taxes:Y2024:US:Federal:PreTax401k                         1200.00 IRAUSD
  Assets:US:Hooli:Vacation                                                  5 VACHR
  Income:US:Hooli:Vacation                                                 -5 VACHR

2024-07-19 * Verizon Wireless |
  Assets:US:BofA:Checking                                                -53.86 USD
  Expenses:Home:Phone                                                     53.86 USD

2024-07-19 * Employer match for contribution
  Assets:US:Vanguard:Cash                                                600.00 USD
  Income:US:Hooli:Match401k                                             -600.00 USD

P 2024-07-19 00:00:00 VBMPX                  145.28 USD

P 2024-07-19 00:00:00 RGAGX                  117.69 USD

P 2024-07-19 00:00:00 ITOT                    97.46 USD

P 2024-07-19 00:00:00 VEA                    166.82 USD

P 2024-07-19 00:00:00 VHT                     94.47 USD

P 2024-07-19 00:00:00 GLD                     39.43 USD

2024-07-20 * China Garden | Eating out alone
  Liabilities:US:Chase:Slate                                             -40.79 USD
  Expenses:Food:Restaurant                                                40.79 USD

2024-07-21 * Wine-Tarner Cable |
  Assets:US:BofA:Checking                                                -79.84 USD
  Expenses:Home:Internet                                                  79.84 USD


2024-07-22 * Investing 40% of cash in VBMPX
  Assets:US:Vanguard:VBMPX                                         3.304 VBMPX @ 145.28 USD
  Assets:US:Vanguard:Cash                                               -480.01 USD
  Equity:Rounding                                                       0.00488 USD

2024-07-22 * Investing 60% of cash in RGAGX
  Assets:US:Vanguard:RGAGX                                         6.118 RGAGX @ 117.69 USD
  Assets:US:Vanguard:Cash                                               -720.03 USD
  Equity:Rounding                                                       0.00258 USD

2024-07-22 * Investing 40% of cash in VBMPX
  Assets:US:Vanguard:VBMPX                                         1.652 VBMPX @ 145.28 USD
  Assets:US:Vanguard:Cash                                               -240.00 USD
  Equity:Rounding                                                      -0.00256 USD

2024-07-22 * Investing 60% of cash in RGAGX
  Assets:US:Vanguard:RGAGX                                         3.059 RGAGX @ 117.69 USD
  Assets:US:Vanguard:Cash                                               -360.01 USD
  Equity:Rounding                                                      -0.00371 USD


2024-07-24 * China Garden | Eating out after work
  Liabilities:US:Chase:Slate                                             -14.77 USD
  Expenses:Food:Restaurant                                                14.77 USD

P 2024-07-26 00:00:00 VBMPX                  145.85 USD

P 2024-07-26 00:00:00 RGAGX                  117.59 USD

P 2024-07-26 00:00:00 ITOT                    98.42 USD

P 2024-07-26 00:00:00 VEA                    169.76 USD

P 2024-07-26 00:00:00 VHT                     94.56 USD

P 2024-07-26 00:00:00 GLD                     40.11 USD

2024-07-28 * Rose Flower | Eating out with Julie
  Liabilities:US:Chase:Slate                                             -15.90 USD
  Expenses:Food:Restaurant                                                15.90 USD

2024-07-30 * Chichipotle | Eating out with Natasha
  Liabilities:US:Chase:Slate                                             -27.76 USD
  Expenses:Food:Restaurant                                                27.76 USD

2024-07-30 * Metro Transport Authority | Tram tickets
  Liabilities:US:Chase:Slate                                            -120.00 USD
  Expenses:Transport:Tram                                                120.00 USD

2024-08-01 * Hooli | Payroll
  Assets:US:BofA:Checking                                               2050.60 USD
  Assets:US:Vanguard:Cash                                                500.00 USD
  Income:US:Hooli:Salary                                               -4615.38 USD
  Income:US:Hooli:GroupTermLife                                          -24.32 USD
  Expenses:Health:Life:GroupTermLife                                      24.32 USD
  Expenses:Health:Dental:Insurance                                         2.90 USD
  Expenses:Health:Medical:Insurance                                       27.38 USD
  Expenses:Health:Vision:Insurance                                        42.30 USD
  Expenses:Taxes:Y2024:US:Medicare                                       106.62 USD
  Expenses:Taxes:Y2024:US:Federal                                       1062.92 USD
  Expenses:Taxes:Y2024:US:State                                          365.08 USD
  Expenses:Taxes:Y2024:US:CityNYC                                        174.92 USD
  Expenses:Taxes:Y2024:US:SDI                                              1.12 USD
  Expenses:Taxes:Y2024:US:SocSec                                         281.54 USD
  Assets:US:Federal:PreTax401k                                       -500.00 IRAUSD
  Expenses:Taxes:Y2024:US:Federal:PreTax401k                          500.00 IRAUSD
  Assets:US:Hooli:Vacation                                                  5 VACHR
  Income:US:Hooli:Vacation                                                 -5 VACHR

2024-08-02 * Employer match for contribution
  Assets:US:Vanguard:Cash                                                250.00 USD
  Income:US:Hooli:Match401k                                             -250.00 USD

P 2024-08-02 00:00:00 VBMPX                  143.33 USD

P 2024-08-02 00:00:00 RGAGX                  120.08 USD

P 2024-08-02 00:00:00 ITOT                    99.65 USD

P 2024-08-02 00:00:00 VEA                    171.41 USD

P 2024-08-02 00:00:00 VHT                     96.33 USD

P 2024-08-02 00:00:00 GLD                     39.39 USD

2024-08-03 * Cafe Modagor | Eating out alone
  Liabilities:US:Chase:Slate                                             -39.98 USD
  Expenses:Food:Restaurant                                                39.98 USD

2024-08-04 * BANK FEES | Monthly bank fee
  Assets:US:BofA:Checking                                                 -4.00 USD
  Expenses:Financial:Fees                                                  4.00 USD

2024-08-04 * Onion Market | Buying groceries
  Liabilities:US:Chase:Slate                                             -60.61 USD
  Expenses:Food:Groceries                                                 60.61 USD

2024-08-05 * RiverBank Properties | Paying the rent
  Assets:US:BofA:Checking                                              -2400.00 USD
  Expenses:Home:Rent                                                    2400.00 USD

2024-08-05 * Investing 40% of cash in VBMPX
  Assets:US:Vanguard:VBMPX                                         1.395 VBMPX @ 143.33 USD
  Assets:US:Vanguard:Cash                                               -199.95 USD
  Equity:Rounding                                                       0.00465 USD

2024-08-05 * Investing 60% of cash in RGAGX
  Assets:US:Vanguard:RGAGX                                         2.498 RGAGX @ 120.08 USD
  Assets:US:Vanguard:Cash                                               -299.96 USD
  Equity:Rounding                                                       0.00016 USD

2024-08-05 * Investing 40% of cash in VBMPX
  Assets:US:Vanguard:VBMPX                                         0.698 VBMPX @ 143.33 USD
  Assets:US:Vanguard:Cash                                               -100.04 USD
  Equity:Rounding                                                      -0.00434 USD

2024-08-05 * Investing 60% of cash in RGAGX
  Assets:US:Vanguard:RGAGX                                         1.250 RGAGX @ 120.08 USD
  Assets:US:Vanguard:Cash                                               -150.10 USD

2024-08-06 * Jewel of Morroco | Eating out 
  Liabilities:US:Chase:Slate                                             -27.31 USD
  Expenses:Food:Restaurant                                                27.31 USD

2024-08-08 * Jewel of Morroco | Eating out 
  Liabilities:US:Chase:Slate                                             -31.89 USD
  Expenses:Food:Restaurant                                                31.89 USD

2024-08-09 * EDISON POWER |
  Assets:US:BofA:Checking                                                -65.00 USD
  Expenses:Home:Electricity                                               65.00 USD

P 2024-08-09 00:00:00 VBMPX                  142.28 USD

P 2024-08-09 00:00:00 RGAGX                  121.23 USD

P 2024-08-09 00:00:00 ITOT                    96.40 USD

P 2024-08-09 00:00:00 VEA                    171.24 USD

P 2024-08-09 00:00:00 VHT                     98.49 USD

P 2024-08-09 00:00:00 GLD                     39.54 USD

2024-08-11 * Chase:Slate | Paying off credit card
  Liabilities:US:Chase:Slate                                             566.78 USD
  Assets:US:BofA:Checking                                               -566.78 USD

2024-08-13 * Rose Flower | Eating out with Bill
  Liabilities:US:Chase:Slate                                             -42.77 USD
  Expenses:Food:Restaurant                                                42.77 USD


2024-08-15 * Hooli | Payroll
  Assets:US:BofA:Checking                                               2550.60 USD
  Income:US:Hooli:Salary                                               -4615.38 USD
  Income:US:Hooli:GroupTermLife                                          -24.32 USD
  Expenses:Health:Life:GroupTermLife                                      24.32 USD
  Expenses:Health:Dental:Insurance                                         2.90 USD
  Expenses:Health:Medical:Insurance                                       27.38 USD
  Expenses:Health:Vision:Insurance                                        42.30 USD
  Expenses:Taxes:Y2024:US:Medicare                                       106.62 USD
  Expenses:Taxes:Y2024:US:Federal                                       1062.92 USD
  Expenses:Taxes:Y2024:US:State                                          365.08 USD
  Expenses:Taxes:Y2024:US:CityNYC                                        174.92 USD
  Expenses:Taxes:Y2024:US:SDI                                              1.12 USD
  Expenses:Taxes:Y2024:US:SocSec                                         281.54 USD
  Assets:US:Hooli:Vacation                                                  5 VACHR
  Income:US:Hooli:Vacation                                                 -5 VACHR

2024-08-16 * Rose Flower | Eating out with Natasha
  Liabilities:US:Chase:Slate                                             -36.74 USD
  Expenses:Food:Restaurant                                                36.74 USD

2024-08-16 * Corner Deli | Buying groceries
  Liabilities:US:Chase:Slate                                             -77.76 USD
  Expenses:Food:Groceries                                                 77.76 USD

P 2024-08-16 00:00:00 VBMPX                  144.23 USD

P 2024-08-16 00:00:00 RGAGX                  120.05 USD

P 2024-08-16 00:00:00 ITOT                    97.80 USD

P 2024-08-16 00:00:00 VEA                    174.37 USD

P 2024-08-16 00:00:00 VHT                     96.65 USD

P 2024-08-16 00:00:00 GLD                     39.08 USD


2024-08-20 * Verizon Wireless |
  Assets:US:BofA:Checking                                                -47.37 USD
  Expenses:Home:Phone                                                     47.37 USD

2024-08-20 * Jewel of Morroco | Eating out alone
  Liabilities:US:Chase:Slate                                             -62.21 USD
  Expenses:Food:Restaurant                                                62.21 USD

2024-08-22 * Wine-Tarner Cable |
  Assets:US:BofA:Checking                                                -80.11 USD
  Expenses:Home:Internet                                                  80.11 USD

P 2024-08-23 00:00:00 VBMPX                  140.70 USD

P 2024-08-23 00:00:00 RGAGX                  121.12 USD

P 2024-08-23 00:00:00 ITOT                    98.39 USD

P 2024-08-23 00:00:00 VEA                    173.52 USD

P 2024-08-23 00:00:00 VHT                     96.96 USD

P 2024-08-23 00:00:00 GLD                     38.63 USD

2024-08-25 * Chichipotle | Eating out alone
  Liabilities:US:Chase:Slate                                             -39.25 USD
  Expenses:Food:Restaurant                                                39.25 USD

2024-08-27 * Kin Soy | Eating out alone
  Liabilities:US:Chase:Slate                                             -19.94 USD
  Expenses:Food:Restaurant                                                19.94 USD

2024-08-28 * Kin Soy | Eating out with Natasha
  Liabilities:US:Chase:Slate                                             -43.29 USD
  Expenses:Food:Restaurant                                                43.29 USD

2024-08-28 * Metro Transport Authority | Tram tickets
  Liabilities:US:Chase:Slate                                            -120.00 USD
  Expenses:Transport:Tram                                                120.00 USD

2024-08-29 * Hooli | Payroll
  Assets:US:BofA:Checking                                               2550.60 USD
  Income:US:Hooli:Salary                                               -4615.38 USD
  Income:US:Hooli:GroupTermLife                                          -24.32 USD
  Expenses:Health:Life:GroupTermLife                                      24.32 USD
  Expenses:Health:Dental:Insurance                                         2.90 USD
  Expenses:Health:Medical:Insurance                                       27.38 USD
  Expenses:Health:Vision:Insurance                                        42.30 USD
  Expenses:Taxes:Y2024:US:Medicare                                       106.62 USD
  Expenses:Taxes:Y2024:US:Federal                                       1062.92 USD
  Expenses:Taxes:Y2024:US:State                                          365.08 USD
  Expenses:Taxes:Y2024:US:CityNYC                                        174.92 USD
  Expenses:Taxes:Y2024:US:SDI                                              1.12 USD
  Expenses:Taxes:Y2024:US:SocSec                                         281.54 USD
  Assets:US:Hooli:Vacation                                                  5 VACHR
  Income:US:Hooli:Vacation                                                 -5 VACHR

P 2024-08-30 00:00:00 VBMPX                  139.73 USD

P 2024-08-30 00:00:00 RGAGX                  121.71 USD

P 2024-08-30 00:00:00 ITOT                    99.79 USD

P 2024-08-30 00:00:00 VEA                    166.92 USD

P 2024-08-30 00:00:00 VHT                     94.87 USD

P 2024-08-30 00:00:00 GLD                     38.63 USD

2024-08-31 * Cafe Modagor | Eating out with Julie
  Liabilities:US:Chase:Slate                                             -55.26 USD
  Expenses:Food:Restaurant                                                55.26 USD

2024-09-04 * BANK FEES | Monthly bank fee
  Assets:US:BofA:Checking                                                 -4.00 USD
  Expenses:Financial:Fees                                                  4.00 USD

2024-09-04 * Rose Flower | Eating out with Natasha
  Liabilities:US:Chase:Slate                                             -46.52 USD
  Expenses:Food:Restaurant                                                46.52 USD

2024-09-05 * Good Moods Market | Buying groceries
  Liabilities:US:Chase:Slate                                             -64.80 USD
  Expenses:Food:Groceries                                                 64.80 USD


2024-09-06 * RiverBank Properties | Paying the rent
  Assets:US:BofA:Checking                                              -2400.00 USD
  Expenses:Home:Rent                                                    2400.00 USD

2024-09-06 * Chichipotle | Eating out with Joe
  Liabilities:US:Chase:Slate                                             -24.43 USD
  Expenses:Food:Restaurant                                                24.43 USD

P 2024-09-06 00:00:00 VBMPX                  138.72 USD

P 2024-09-06 00:00:00 RGAGX                  121.12 USD

P 2024-09-06 00:00:00 ITOT                    98.42 USD

P 2024-09-06 00:00:00 VEA                    170.49 USD

P 2024-09-06 00:00:00 VHT                     95.30 USD

P 2024-09-06 00:00:00 GLD                     37.83 USD


2024-09-08 * Kin Soy | Eating out alone
  Liabilities:US:Chase:Slate                                             -31.72 USD
  Expenses:Food:Restaurant                                                31.72 USD

2024-09-09 * EDISON POWER |
  Assets:US:BofA:Checking                                                -65.00 USD
  Expenses:Home:Electricity                                               65.00 USD

2024-09-10 * Chichipotle | Eating out alone
  Liabilities:US:Chase:Slate                                             -41.55 USD
  Expenses:Food:Restaurant                                                41.55 USD

2024-09-11 * Chase:Slate | Paying off credit card
  Liabilities:US:Chase:Slate                                             681.12 USD
  Assets:US:BofA:Checking                                               -681.12 USD

2024-09-12 * Hooli | Payroll
  Assets:US:BofA:Checking                                               2550.60 USD
  Income:US:Hooli:Salary                                               -4615.38 USD
  Income:US:Hooli:GroupTermLife                                          -24.32 USD
  Expenses:Health:Life:GroupTermLife                                      24.32 USD
  Expenses:Health:Dental:Insurance                                         2.90 USD
  Expenses:Health:Medical:Insurance                                       27.38 USD
  Expenses:Health:Vision:Insurance                                        42.30 USD
  Expenses:Taxes:Y2024:US:Medicare                                       106.62 USD
  Expenses:Taxes:Y2024:US:Federal                                       1062.92 USD
  Expenses:Taxes:Y2024:US:State                                          365.08 USD
  Expenses:Taxes:Y2024:US:CityNYC                                        174.92 USD
  Expenses:Taxes:Y2024:US:SDI                                              1.12 USD
  Expenses:Taxes:Y2024:US:SocSec                                         281.54 USD
  Assets:US:Hooli:Vacation                                                  5 VACHR
  Income:US:Hooli:Vacation                                                 -5 VACHR

2024-09-13 * Transfering accumulated savings to other account
  Assets:US:BofA:Checking                                                 -4000 USD
  Assets:US:ETrade:Cash                                                    4000 USD

2024-09-13 * Jewel of Morroco | Eating out 
  Liabilities:US:Chase:Slate                                             -17.65 USD
  Expenses:Food:Restaurant                                                17.65 USD

P 2024-09-13 00:00:00 VBMPX                  137.45 USD

P 2024-09-13 00:00:00 RGAGX                  120.58 USD

P 2024-09-13 00:00:00 ITOT                    96.72 USD

P 2024-09-13 00:00:00 VEA                    168.31 USD

P 2024-09-13 00:00:00 VHT                     95.77 USD

P 2024-09-13 00:00:00 GLD                     37.47 USD

2024-09-14 * Kin Soy | Eating out 
  Liabilities:US:Chase:Slate                                             -30.48 USD
  Expenses:Food:Restaurant                                                30.48 USD

2024-09-16 * Rose Flower | Eating out with Bill
  Liabilities:US:Chase:Slate                                             -24.52 USD
  Expenses:Food:Restaurant                                                24.52 USD

2024-09-17 * Dividends on portfolio
  Assets:US:ETrade:Cash                                                    0.00 USD
  Income:US:ETrade:GLD:Dividend                                            0.00 USD

2024-09-19 * Onion Market | Buying groceries
  Liabilities:US:Chase:Slate                                             -77.63 USD
  Expenses:Food:Groceries                                                 77.63 USD

2024-09-20 * Verizon Wireless |
  Assets:US:BofA:Checking                                                -55.22 USD
  Expenses:Home:Phone                                                     55.22 USD

2024-09-20 * Chichipotle | Eating out 
  Liabilities:US:Chase:Slate                                             -11.52 USD
  Expenses:Food:Restaurant                                                11.52 USD

P 2024-09-20 00:00:00 VBMPX                  135.54 USD

P 2024-09-20 00:00:00 RGAGX                  121.59 USD

P 2024-09-20 00:00:00 ITOT                    96.15 USD

P 2024-09-20 00:00:00 VEA                    165.06 USD

P 2024-09-20 00:00:00 VHT                     96.17 USD

P 2024-09-20 00:00:00 GLD                     36.86 USD

2024-09-22 * Buy shares of GLD
  Assets:US:ETrade:Cash                                                -1888.81 USD
  Assets:US:ETrade:GLD                                             51 GLD @ 36.86 USD
  Expenses:Financial:Commissions                                           8.95 USD

2024-09-22 * Buy shares of ITOT
  Assets:US:ETrade:Cash                                                -1835.80 USD
  Assets:US:ETrade:ITOT                                            19 ITOT @ 96.15 USD
  Expenses:Financial:Commissions                                           8.95 USD

2024-09-23 * Wine-Tarner Cable |
  Assets:US:BofA:Checking                                                -79.91 USD
  Expenses:Home:Internet                                                  79.91 USD

2024-09-24 * Jewel of Morroco | Eating out with Joe
  Liabilities:US:Chase:Slate                                             -31.62 USD
  Expenses:Food:Restaurant                                                31.62 USD

2024-09-25 * Metro Transport Authority | Tram tickets
  Liabilities:US:Chase:Slate                                            -120.00 USD
  Expenses:Transport:Tram                                                120.00 USD


2024-09-26 * Hooli | Payroll
  Assets:US:BofA:Checking                                               2550.60 USD
  Income:US:Hooli:Salary                                               -4615.38 USD
  Income:US:Hooli:GroupTermLife                                          -24.32 USD
  Expenses:Health:Life:GroupTermLife                                      24.32 USD
  Expenses:Health:Dental:Insurance                                         2.90 USD
  Expenses:Health:Medical:Insurance                                       27.38 USD
  Expenses:Health:Vision:Insurance                                        42.30 USD
  Expenses:Taxes:Y2024:US:Medicare                                       106.62 USD
  Expenses:Taxes:Y2024:US:Federal                                       1062.92 USD
  Expenses:Taxes:Y2024:US:State                                          365.08 USD
  Expenses:Taxes:Y2024:US:CityNYC                                        174.92 USD
  Expenses:Taxes:Y2024:US:SDI                                              1.12 USD
  Expenses:Taxes:Y2024:US:SocSec                                         281.54 USD
  Assets:US:Hooli:Vacation                                                  5 VACHR
  Income:US:Hooli:Vacation                                                 -5 VACHR

P 2024-09-27 00:00:00 VBMPX                  132.13 USD

P 2024-09-27 00:00:00 RGAGX                  121.10 USD

P 2024-09-27 00:00:00 ITOT                    96.13 USD

P 2024-09-27 00:00:00 VEA                    169.57 USD

P 2024-09-27 00:00:00 VHT                     96.54 USD

P 2024-09-27 00:00:00 GLD                     37.68 USD


2024-09-28 * Kin Soy | Eating out with work buddies
  Liabilities:US:Chase:Slate                                             -20.42 USD
  Expenses:Food:Restaurant                                                20.42 USD

2024-09-29 * Kin Soy | Eating out with Joe
  Liabilities:US:Chase:Slate                                             -34.50 USD
  Expenses:Food:Restaurant                                                34.50 USD

2024-09-30 * Goba Goba | Eating out alone
  Liabilities:US:Chase:Slate                                             -36.73 USD
  Expenses:Food:Restaurant                                                36.73 USD

2024-10-01 * Chichipotle | Eating out with work buddies
  Liabilities:US:Chase:Slate                                             -21.93 USD
  Expenses:Food:Restaurant                                                21.93 USD

2024-10-04 * BANK FEES | Monthly bank fee
  Assets:US:BofA:Checking                                                 -4.00 USD
  Expenses:Financial:Fees                                                  4.00 USD

2024-10-04 * RiverBank Properties | Paying the rent
  Assets:US:BofA:Checking                                              -2400.00 USD
  Expenses:Home:Rent                                                    2400.00 USD

P 2024-10-04 00:00:00 VBMPX                  133.37 USD

P 2024-10-04 00:00:00 RGAGX                  121.03 USD

P 2024-10-04 00:00:00 ITOT                    97.88 USD

P 2024-10-04 00:00:00 VEA                    174.33 USD

P 2024-10-04 00:00:00 VHT                     98.34 USD

P 2024-10-04 00:00:00 GLD                     37.43 USD

2024-10-06 * Uncle Boons | Eating out with work buddies
  Liabilities:US:Chase:Slate                                             -17.70 USD
  Expenses:Food:Restaurant                                                17.70 USD

2024-10-06 * Good Moods Market | Buying groceries
  Liabilities:US:Chase:Slate                                             -88.33 USD
  Expenses:Food:Groceries                                                 88.33 USD

2024-10-07 * Rose Flower | Eating out with work buddies
  Liabilities:US:Chase:Slate                                             -36.41 USD
  Expenses:Food:Restaurant                                                36.41 USD

2024-10-09 * EDISON POWER |
  Assets:US:BofA:Checking                                                -65.00 USD
  Expenses:Home:Electricity                                               65.00 USD

2024-10-10 * China Garden | Eating out with Joe
  Liabilities:US:Chase:Slate                                             -17.68 USD
  Expenses:Food:Restaurant                                                17.68 USD

2024-10-10 * Chase:Slate | Paying off credit card
  Liabilities:US:Chase:Slate                                             569.47 USD
  Assets:US:BofA:Checking                                               -569.47 USD

2024-10-10 * Hooli | Payroll
  Assets:US:BofA:Checking                                               2550.60 USD
  Income:US:Hooli:Salary                                               -4615.38 USD
  Income:US:Hooli:GroupTermLife                                          -24.32 USD
  Expenses:Health:Life:GroupTermLife                                      24.32 USD
  Expenses:Health:Dental:Insurance                                         2.90 USD
  Expenses:Health:Medical:Insurance                                       27.38 USD
  Expenses:Health:Vision:Insurance                                        42.30 USD
  Expenses:Taxes:Y2024:US:Medicare                                       106.62 USD
  Expenses:Taxes:Y2024:US:Federal                                       1062.92 USD
  Expenses:Taxes:Y2024:US:State                                          365.08 USD
  Expenses:Taxes:Y2024:US:CityNYC                                        174.92 USD
  Expenses:Taxes:Y2024:US:SDI                                              1.12 USD
  Expenses:Taxes:Y2024:US:SocSec                                         281.54 USD
  Assets:US:Hooli:Vacation                                                  5 VACHR
  Income:US:Hooli:Vacation                                                 -5 VACHR

P 2024-10-11 00:00:00 VBMPX                  134.11 USD

P 2024-10-11 00:00:00 RGAGX                  123.93 USD

P 2024-10-11 00:00:00 ITOT                    98.20 USD

P 2024-10-11 00:00:00 VEA                    171.43 USD

P 2024-10-11 00:00:00 VHT                     98.56 USD

P 2024-10-11 00:00:00 GLD                     37.01 USD

2024-10-15 * China Garden | Eating out after work
  Liabilities:US:Chase:Slate                                             -34.93 USD
  Expenses:Food:Restaurant                                                34.93 USD


2024-10-18 * Chichipotle | Eating out with Julie
  Liabilities:US:Chase:Slate                                             -32.29 USD
  Expenses:Food:Restaurant                                                32.29 USD

P 2024-10-18 00:00:00 VBMPX                  132.32 USD

P 2024-10-18 00:00:00 RGAGX                  123.27 USD

P 2024-10-18 00:00:00 ITOT                    98.89 USD

P 2024-10-18 00:00:00 VEA                    170.74 USD

P 2024-10-18 00:00:00 VHT                     99.77 USD

P 2024-10-18 00:00:00 GLD                     36.94 USD

2024-10-19 * Verizon Wireless |
  Assets:US:BofA:Checking                                                -58.57 USD
  Expenses:Home:Phone                                                     58.57 USD


2024-10-23 * Wine-Tarner Cable |
  Assets:US:BofA:Checking                                                -79.99 USD
  Expenses:Home:Internet                                                  79.99 USD

2024-10-23 * Rose Flower | Eating out with Bill
  Liabilities:US:Chase:Slate                                             -38.44 USD
  Expenses:Food:Restaurant                                                38.44 USD

2024-10-24 * Corner Deli | Buying groceries
  Liabilities:US:Chase:Slate                                             -92.83 USD
  Expenses:Food:Groceries                                                 92.83 USD

2024-10-24 * Metro Transport Authority | Tram tickets
  Liabilities:US:Chase:Slate                                            -120.00 USD
  Expenses:Transport:Tram                                                120.00 USD

2024-10-24 * Hooli | Payroll
  Assets:US:BofA:Checking                                               2550.60 USD
  Income:US:Hooli:Salary                                               -4615.38 USD
  Income:US:Hooli:GroupTermLife                                          -24.32 USD
  Expenses:Health:Life:GroupTermLife                                      24.32 USD
  Expenses:Health:Dental:Insurance                                         2.90 USD
  Expenses:Health:Medical:Insurance                                       27.38 USD
  Expenses:Health:Vision:Insurance                                        42.30 USD
  Expenses:Taxes:Y2024:US:Medicare                                       106.62 USD
  Expenses:Taxes:Y2024:US:Federal                                       1062.92 USD
  Expenses:Taxes:Y2024:US:State                                          365.08 USD
  Expenses:Taxes:Y2024:US:CityNYC                                        174.92 USD
  Expenses:Taxes:Y2024:US:SDI                                              1.12 USD
  Expenses:Taxes:Y2024:US:SocSec                                         281.54 USD
  Assets:US:Hooli:Vacation                                                  5 VACHR
  Income:US:Hooli:Vacation                                                 -5 VACHR

2024-10-25 * China Garden | Eating out with Bill
  Liabilities:US:Chase:Slate                                             -42.53 USD
  Expenses:Food:Restaurant                                                42.53 USD

P 2024-10-25 00:00:00 VBMPX                  131.63 USD

P 2024-10-25 00:00:00 RGAGX                  124.05 USD

P 2024-10-25 00:00:00 ITOT                    99.90 USD

P 2024-10-25 00:00:00 VEA                    174.25 USD

P 2024-10-25 00:00:00 VHT                    100.38 USD

P 2024-10-25 00:00:00 GLD                     37.23 USD

2024-10-26 * China Garden | Eating out 
  Liabilities:US:Chase:Slate                                             -18.10 USD
  Expenses:Food:Restaurant                                                18.10 USD

2024-10-31 * China Garden | Eating out 
  Liabilities:US:Chase:Slate                                             -65.39 USD
  Expenses:Food:Restaurant                                                65.39 USD

P 2024-11-01 00:00:00 VBMPX                  129.89 USD

P 2024-11-01 00:00:00 RGAGX                  124.64 USD

P 2024-11-01 00:00:00 ITOT                   101.36 USD

P 2024-11-01 00:00:00 VEA                    181.86 USD

P 2024-11-01 00:00:00 VHT                    100.45 USD

P 2024-11-01 00:00:00 GLD                     38.13 USD

2024-11-03 * RiverBank Properties | Paying the rent
  Assets:US:BofA:Checking                                              -2400.00 USD
  Expenses:Home:Rent                                                    2400.00 USD

2024-11-03 * Uncle Boons | Eating out with Natasha
  Liabilities:US:Chase:Slate                                             -29.12 USD
  Expenses:Food:Restaurant                                                29.12 USD

2024-11-04 * BANK FEES | Monthly bank fee
  Assets:US:BofA:Checking                                                 -4.00 USD
  Expenses:Financial:Fees                                                  4.00 USD

2024-11-04 * Onion Market | Buying groceries
  Liabilities:US:Chase:Slate                                            -123.39 USD
  Expenses:Food:Groceries                                                123.39 USD

2024-11-06 * Rose Flower | Eating out with work buddies
  Liabilities:US:Chase:Slate                                             -19.86 USD
  Expenses:Food:Restaurant                                                19.86 USD

2024-11-07 * Hooli | Payroll
  Assets:US:BofA:Checking                                               2550.60 USD
  Income:US:Hooli:Salary                                               -4615.38 USD
  Income:US:Hooli:GroupTermLife                                          -24.32 USD
  Expenses:Health:Life:GroupTermLife                                      24.32 USD
  Expenses:Health:Dental:Insurance                                         2.90 USD
  Expenses:Health:Medical:Insurance                                       27.38 USD
  Expenses:Health:Vision:Insurance                                        42.30 USD
  Expenses:Taxes:Y2024:US:Medicare                                       106.62 USD
  Expenses:Taxes:Y2024:US:Federal                                       1062.92 USD
  Expenses:Taxes:Y2024:US:State                                          365.08 USD
  Expenses:Taxes:Y2024:US:CityNYC                                        174.92 USD
  Expenses:Taxes:Y2024:US:SDI                                              1.12 USD
  Expenses:Taxes:Y2024:US:SocSec                                         281.54 USD
  Assets:US:Hooli:Vacation                                                  5 VACHR
  Income:US:Hooli:Vacation                                                 -5 VACHR

2024-11-08 * Transfering accumulated savings to other account
  Assets:US:BofA:Checking                                                 -4000 USD
  Assets:US:ETrade:Cash                                                    4000 USD

2024-11-08 * Rose Flower | Eating out after work
  Liabilities:US:Chase:Slate                                             -22.39 USD
  Expenses:Food:Restaurant                                                22.39 USD

P 2024-11-08 00:00:00 VBMPX                  128.92 USD

P 2024-11-08 00:00:00 RGAGX                  123.47 USD

P 2024-11-08 00:00:00 ITOT                   103.79 USD

P 2024-11-08 00:00:00 VEA                    184.05 USD

P 2024-11-08 00:00:00 VHT                     99.49 USD

P 2024-11-08 00:00:00 GLD                     37.76 USD

2024-11-09 * EDISON POWER |
  Assets:US:BofA:Checking                                                -65.00 USD
  Expenses:Home:Electricity                                               65.00 USD

2024-11-10 * Chase:Slate | Paying off credit card
  Liabilities:US:Chase:Slate                                             693.91 USD
  Assets:US:BofA:Checking                                               -693.91 USD


2024-11-11 * China Garden | Eating out with Joe
  Liabilities:US:Chase:Slate                                             -54.64 USD
  Expenses:Food:Restaurant                                                54.64 USD

2024-11-13 * Buy shares of VEA
  Assets:US:ETrade:Cash                                                 -929.20 USD
  Assets:US:ETrade:VEA                                             5 VEA @ 184.05 USD
  Expenses:Financial:Commissions                                           8.95 USD

2024-11-13 * Buy shares of VHT
  Assets:US:ETrade:Cash                                                -1003.85 USD
  Assets:US:ETrade:VHT                                             10 VHT @ 99.49 USD
  Expenses:Financial:Commissions                                           8.95 USD

2024-11-13 * Buy shares of GLD
  Assets:US:ETrade:Cash                                                 -990.71 USD
  Assets:US:ETrade:GLD                                             26 GLD @ 37.76 USD
  Expenses:Financial:Commissions                                           8.95 USD

2024-11-13 * Buy shares of ITOT
  Assets:US:ETrade:Cash                                                 -943.06 USD
  Assets:US:ETrade:ITOT                                            9 ITOT @ 103.79 USD
  Expenses:Financial:Commissions                                           8.95 USD

P 2024-11-15 00:00:00 VBMPX                  131.33 USD

P 2024-11-15 00:00:00 RGAGX                  121.81 USD

P 2024-11-15 00:00:00 ITOT                   103.14 USD

P 2024-11-15 00:00:00 VEA                    183.98 USD

P 2024-11-15 00:00:00 VHT                     99.65 USD

P 2024-11-15 00:00:00 GLD                     38.41 USD

2024-11-16 * Jewel of Morroco | Eating out with Bill
  Liabilities:US:Chase:Slate                                             -30.92 USD
  Expenses:Food:Restaurant                                                30.92 USD

2024-11-19 * Verizon Wireless |
  Assets:US:BofA:Checking                                                -47.48 USD
  Expenses:Home:Phone                                                     47.48 USD

2024-11-20 * Chichipotle | Eating out alone
  Liabilities:US:Chase:Slate                                             -16.54 USD
  Expenses:Food:Restaurant                                                16.54 USD


2024-11-21 * Wine-Tarner Cable |
  Assets:US:BofA:Checking                                                -80.03 USD
  Expenses:Home:Internet                                                  80.03 USD

2024-11-21 * Hooli | Payroll
  Assets:US:BofA:Checking                                               2550.60 USD
  Income:US:Hooli:Salary                                               -4615.38 USD
  Income:US:Hooli:GroupTermLife                                          -24.32 USD
  Expenses:Health:Life:GroupTermLife                                      24.32 USD
  Expenses:Health:Dental:Insurance                                         2.90 USD
  Expenses:Health:Medical:Insurance                                       27.38 USD
  Expenses:Health:Vision:Insurance                                        42.30 USD
  Expenses:Taxes:Y2024:US:Medicare                                       106.62 USD
  Expenses:Taxes:Y2024:US:Federal                                       1062.92 USD
  Expenses:Taxes:Y2024:US:State                                          365.08 USD
  Expenses:Taxes:Y2024:US:CityNYC                                        174.92 USD
  Expenses:Taxes:Y2024:US:SDI                                              1.12 USD
  Expenses:Taxes:Y2024:US:SocSec                                         281.54 USD
  Assets:US:Hooli:Vacation                                                  5 VACHR
  Income:US:Hooli:Vacation                                                 -5 VACHR

2024-11-22 * Uncle Boons | Eating out 
  Liabilities:US:Chase:Slate                                             -41.25 USD
  Expenses:Food:Restaurant                                                41.25 USD

2024-11-22 * Onion Market | Buying groceries
  Liabilities:US:Chase:Slate                                             -60.79 USD
  Expenses:Food:Groceries                                                 60.79 USD

2024-11-22 * Metro Transport Authority | Tram tickets
  Liabilities:US:Chase:Slate                                            -120.00 USD
  Expenses:Transport:Tram                                                120.00 USD

P 2024-11-22 00:00:00 VBMPX                  130.10 USD

P 2024-11-22 00:00:00 RGAGX                  119.77 USD

P 2024-11-22 00:00:00 ITOT                   104.71 USD

P 2024-11-22 00:00:00 VEA                    184.53 USD

P 2024-11-22 00:00:00 VHT                    100.19 USD

P 2024-11-22 00:00:00 GLD                     39.82 USD

2024-11-26 * Chichipotle | Eating out with Natasha
  Liabilities:US:Chase:Slate                                             -39.86 USD
  Expenses:Food:Restaurant                                                39.86 USD

P 2024-11-29 00:00:00 VBMPX                  132.37 USD

P 2024-11-29 00:00:00 RGAGX                  118.53 USD

P 2024-11-29 00:00:00 ITOT                   103.70 USD

P 2024-11-29 00:00:00 VEA                    177.40 USD

P 2024-11-29 00:00:00 VHT                    102.18 USD

P 2024-11-29 00:00:00 GLD                     39.90 USD

2024-11-30 * Jewel of Morroco | Eating out with Natasha
  Liabilities:US:Chase:Slate                                             -20.70 USD
  Expenses:Food:Restaurant                                                20.70 USD


2024-12-04 * BANK FEES | Monthly bank fee
  Assets:US:BofA:Checking                                                 -4.00 USD
  Expenses:Financial:Fees                                                  4.00 USD

2024-12-04 * RiverBank Properties | Paying the rent
  Assets:US:BofA:Checking                                              -2400.00 USD
  Expenses:Home:Rent                                                    2400.00 USD

2024-12-05 * Uncle Boons | Eating out 
  Liabilities:US:Chase:Slate                                             -11.95 USD
  Expenses:Food:Restaurant                                                11.95 USD

2024-12-05 * Hooli | Payroll
  Assets:US:BofA:Checking                                               2589.06 USD
  Income:US:Hooli:Salary                                               -4615.38 USD
  Income:US:Hooli:GroupTermLife                                          -24.32 USD
  Expenses:Health:Life:GroupTermLife                                      24.32 USD
  Expenses:Health:Dental:Insurance                                         2.90 USD
  Expenses:Health:Medical:Insurance                                       27.38 USD
  Expenses:Health:Vision:Insurance                                        42.30 USD
  Expenses:Taxes:Y2024:US:Medicare                                       106.62 USD
  Expenses:Taxes:Y2024:US:Federal                                       1062.92 USD
  Expenses:Taxes:Y2024:US:State                                          365.08 USD
  Expenses:Taxes:Y2024:US:CityNYC                                        174.92 USD
  Expenses:Taxes:Y2024:US:SDI                                              1.12 USD
  Expenses:Taxes:Y2024:US:SocSec                                         243.08 USD
  Assets:US:Hooli:Vacation                                                  5 VACHR
  Income:US:Hooli:Vacation                                                 -5 VACHR

P 2024-12-06 00:00:00 VBMPX                  131.76 USD

P 2024-12-06 00:00:00 RGAGX                  118.77 USD

P 2024-12-06 00:00:00 ITOT                   101.73 USD

P 2024-12-06 00:00:00 VEA                    181.81 USD

P 2024-12-06 00:00:00 VHT                    102.47 USD

P 2024-12-06 00:00:00 GLD                     40.46 USD

2024-12-07 * Uncle Boons | Eating out with Bill
  Liabilities:US:Chase:Slate                                             -13.51 USD
  Expenses:Food:Restaurant                                                13.51 USD

2024-12-07 * Chase:Slate | Paying off credit card
  Liabilities:US:Chase:Slate                                             355.52 USD
  Assets:US:BofA:Checking                                               -355.52 USD

2024-12-08 * Uncle Boons | Eating out with Joe
  Liabilities:US:Chase:Slate                                             -36.93 USD
  Expenses:Food:Restaurant                                                36.93 USD

2024-12-08 * Farmer Fresh | Buying groceries
  Liabilities:US:Chase:Slate                                             -60.29 USD
  Expenses:Food:Groceries                                                 60.29 USD

2024-12-09 * EDISON POWER |
  Assets:US:BofA:Checking                                                -65.00 USD
  Expenses:Home:Electricity                                               65.00 USD

2024-12-13 * Chichipotle | Eating out with Natasha
  Liabilities:US:Chase:Slate                                             -23.21 USD
  Expenses:Food:Restaurant                                                23.21 USD

P 2024-12-13 00:00:00 VBMPX                  129.77 USD

P 2024-12-13 00:00:00 RGAGX                  119.66 USD

P 2024-12-13 00:00:00 ITOT                   105.12 USD

P 2024-12-13 00:00:00 VEA                    184.18 USD

P 2024-12-13 00:00:00 VHT                    103.87 USD

P 2024-12-13 00:00:00 GLD                     39.49 USD

2024-12-15 * Rose Flower | Eating out with Joe
  Liabilities:US:Chase:Slate                                             -49.14 USD
  Expenses:Food:Restaurant                                                49.14 USD

2024-12-17 * Dividends on portfolio
  Assets:US:ETrade:Cash                                                   30.15 USD
  Income:US:ETrade:GLD:Dividend                                          -30.15 USD


2024-12-19 * Verizon Wireless |
  Assets:US:BofA:Checking                                                -52.47 USD
  Expenses:Home:Phone                                                     52.47 USD

2024-12-19 * Hooli | Payroll
  Assets:US:BofA:Checking                                               2832.14 USD
  Income:US:Hooli:Salary                                               -4615.38 USD
  Income:US:Hooli:GroupTermLife                                          -24.32 USD
  Expenses:Health:Life:GroupTermLife                                      24.32 USD
  Expenses:Health:Dental:Insurance                                         2.90 USD
  Expenses:Health:Medical:Insurance                                       27.38 USD
  Expenses:Health:Vision:Insurance                                        42.30 USD
  Expenses:Taxes:Y2024:US:Medicare                                       106.62 USD
  Expenses:Taxes:Y2024:US:Federal                                       1062.92 USD
  Expenses:Taxes:Y2024:US:State                                          365.08 USD
  Expenses:Taxes:Y2024:US:CityNYC                                        174.92 USD
  Expenses:Taxes:Y2024:US:SDI                                              1.12 USD
  Expenses:Taxes:Y2024:US:SocSec                                           0.00 USD
  Assets:US:Hooli:Vacation                                                  5 VACHR
  Income:US:Hooli:Vacation                                                 -5 VACHR

2024-12-20 * Cafe Modagor | Eating out after work
  Liabilities:US:Chase:Slate                                             -32.94 USD
  Expenses:Food:Restaurant                                                32.94 USD

P 2024-12-20 00:00:00 VBMPX                  130.76 USD

P 2024-12-20 00:00:00 RGAGX                  119.97 USD

P 2024-12-20 00:00:00 ITOT                   104.78 USD

P 2024-12-20 00:00:00 VEA                    183.08 USD

P 2024-12-20 00:00:00 VHT                    104.79 USD

P 2024-12-20 00:00:00 GLD                     39.50 USD

2024-12-21 * Goba Goba | Eating out with Bill
  Liabilities:US:Chase:Slate                                             -26.29 USD
  Expenses:Food:Restaurant                                                26.29 USD

2024-12-22 * Kin Soy | Eating out after work
  Liabilities:US:Chase:Slate                                             -23.54 USD
  Expenses:Food:Restaurant                                                23.54 USD

2024-12-23 * Wine-Tarner Cable |
  Assets:US:BofA:Checking                                                -80.04 USD
  Expenses:Home:Internet                                                  80.04 USD

2024-12-23 * Good Moods Market | Buying groceries
  Liabilities:US:Chase:Slate                                             -84.09 USD
  Expenses:Food:Groceries                                                 84.09 USD

2024-12-25 * Metro Transport Authority | Tram tickets
  Liabilities:US:Chase:Slate                                            -120.00 USD
  Expenses:Transport:Tram                                                120.00 USD

2024-12-27 * Jewel of Morroco | Eating out 
  Liabilities:US:Chase:Slate                                             -75.56 USD
  Expenses:Food:Restaurant                                                75.56 USD

P 2024-12-27 00:00:00 VBMPX                  131.54 USD

P 2024-12-27 00:00:00 RGAGX                  119.26 USD

P 2024-12-27 00:00:00 ITOT                   106.78 USD

P 2024-12-27 00:00:00 VEA                    181.13 USD

P 2024-12-27 00:00:00 VHT                    104.08 USD

P 2024-12-27 00:00:00 GLD                     38.94 USD


;; Event: 2024-12-28 "location" "New York"

2024-12-29 * Uncle Boons |
  ; trip-new-york-2024:
  Liabilities:US:Chase:Slate                                             -41.18 USD
  Expenses:Food:Restaurant                                                41.18 USD

2024-12-30 * Uncle Boons |
  ; trip-new-york-2024:
  Liabilities:US:Chase:Slate                                             -40.33 USD
  Expenses:Food:Restaurant                                                40.33 USD

2024-12-30 * Cafe Select |
  ; trip-new-york-2024:
  Liabilities:US:Chase:Slate                                             -31.88 USD
  Expenses:Food:Restaurant                                                31.88 USD

2024-12-30 * Takahachi |
  ; trip-new-york-2024:
  Liabilities:US:Chase:Slate                                             -46.46 USD
  Expenses:Food:Restaurant                                                46.46 USD

2024-12-30 * Laut |
  ; trip-new-york-2024:
  Liabilities:US:Chase:Slate                                             -34.21 USD
  Expenses:Food:Restaurant                                                34.21 USD

2024-12-30 * La Colombe |
  ; trip-new-york-2024:
  Liabilities:US:Chase:Slate                                              -5.52 USD
  Expenses:Food:Coffee                                                     5.52 USD

2024-12-30 * Gimme! Coffee |
  ; trip-new-york-2024:
  Liabilities:US:Chase:Slate                                              -7.04 USD
  Expenses:Food:Coffee                                                     7.04 USD

2024-12-31 * Laut |
  ; trip-new-york-2024:
  Liabilities:US:Chase:Slate                                             -34.34 USD
  Expenses:Food:Restaurant                                                34.34 USD

;; Open: 2025-01-01 close Expenses:Taxes:Y2025:US:Federal:PreTax401k

;; Open: 2025-01-01 close Expenses:Taxes:Y2025:US:Medicare

;; Open: 2025-01-01 close Expenses:Taxes:Y2025:US:Federal

;; Open: 2025-01-01 close Expenses:Taxes:Y2025:US:CityNYC

;; Open: 2025-01-01 close Expenses:Taxes:Y2025:US:SDI

;; Open: 2025-01-01 close Expenses:Taxes:Y2025:US:State

;; Open: 2025-01-01 close Expenses:Taxes:Y2025:US:SocSec


2025-01-01 * Uncle Boons |
  ; trip-new-york-2024:
  Liabilities:US:Chase:Slate                                             -45.19 USD
  Expenses:Food:Restaurant                                                45.19 USD

2025-01-01 * Allowed contributions for one year
  Income:US:Federal:PreTax401k                                        -18500 IRAUSD
  Assets:US:Federal:PreTax401k                                         18500 IRAUSD

2025-01-02 * Takahachi |
  ; trip-new-york-2024:
  Liabilities:US:Chase:Slate                                             -56.01 USD
  Expenses:Food:Restaurant                                                56.01 USD

2025-01-02 * Hooli | Payroll
  Assets:US:BofA:Checking                                               1350.60 USD
  Assets:US:Vanguard:Cash                                               1200.00 USD
  Income:US:Hooli:Salary                                               -4615.38 USD
  Income:US:Hooli:GroupTermLife                                          -24.32 USD
  Expenses:Health:Life:GroupTermLife                                      24.32 USD
  Expenses:Health:Dental:Insurance                                         2.90 USD
  Expenses:Health:Medical:Insurance                                       27.38 USD
  Expenses:Health:Vision:Insurance                                        42.30 USD
  Expenses:Taxes:Y2025:US:Medicare                                       106.62 USD
  Expenses:Taxes:Y2025:US:Federal                                       1062.92 USD
  Expenses:Taxes:Y2025:US:State                                          365.08 USD
  Expenses:Taxes:Y2025:US:CityNYC                                        174.92 USD
  Expenses:Taxes:Y2025:US:SDI                                              1.12 USD
  Expenses:Taxes:Y2025:US:SocSec                                         281.54 USD
  Assets:US:Federal:PreTax401k                                      -1200.00 IRAUSD
  Expenses:Taxes:Y2025:US:Federal:PreTax401k                         1200.00 IRAUSD
  Assets:US:Hooli:Vacation                                                  5 VACHR
  Income:US:Hooli:Vacation                                                 -5 VACHR

2025-01-03 * Uncle Boons |
  ; trip-new-york-2024:
  Liabilities:US:Chase:Slate                                             -45.18 USD
  Expenses:Food:Restaurant                                                45.18 USD

2025-01-03 * Takahachi |
  ; trip-new-york-2024:
  Liabilities:US:Chase:Slate                                             -44.73 USD
  Expenses:Food:Restaurant                                                44.73 USD

2025-01-03 * Employer match for contribution
  Assets:US:Vanguard:Cash                                                600.00 USD
  Income:US:Hooli:Match401k                                             -600.00 USD

P 2025-01-03 00:00:00 VBMPX                  130.20 USD

P 2025-01-03 00:00:00 RGAGX                  119.69 USD

P 2025-01-03 00:00:00 ITOT                   106.90 USD

P 2025-01-03 00:00:00 VEA                    185.30 USD

P 2025-01-03 00:00:00 VHT                    104.83 USD

P 2025-01-03 00:00:00 GLD                     38.34 USD

2025-01-04 * BANK FEES | Monthly bank fee
  Assets:US:BofA:Checking                                                 -4.00 USD
  Expenses:Financial:Fees                                                  4.00 USD

2025-01-04 * Laut |
  ; trip-new-york-2024:
  Liabilities:US:Chase:Slate                                             -31.27 USD
  Expenses:Food:Restaurant                                                31.27 USD

2025-01-04 * Gimme! Coffee |
  ; trip-new-york-2024:
  Liabilities:US:Chase:Slate                                              -8.01 USD
  Expenses:Food:Coffee                                                     8.01 USD

2025-01-05 * Uncle Boons |
  ; trip-new-york-2024:
  Liabilities:US:Chase:Slate                                             -40.43 USD
  Expenses:Food:Restaurant                                                40.43 USD

2025-01-05 * Cafe Select |
  ; trip-new-york-2024:
  Liabilities:US:Chase:Slate                                             -35.43 USD
  Expenses:Food:Restaurant                                                35.43 USD

2025-01-05 * Takahachi |
  ; trip-new-york-2024:
  Liabilities:US:Chase:Slate                                             -45.38 USD
  Expenses:Food:Restaurant                                                45.38 USD

2025-01-05 * La Colombe |
  ; trip-new-york-2024:
  Liabilities:US:Chase:Slate                                              -5.42 USD
  Expenses:Food:Coffee                                                     5.42 USD

2025-01-05 * Gimme! Coffee |
  ; trip-new-york-2024:
  Liabilities:US:Chase:Slate                                              -6.23 USD
  Expenses:Food:Coffee                                                     6.23 USD

2025-01-06 * RiverBank Properties | Paying the rent
  Assets:US:BofA:Checking                                              -2400.00 USD
  Expenses:Home:Rent                                                    2400.00 USD

2025-01-06 * Uncle Boons |
  ; trip-new-york-2024:
  Liabilities:US:Chase:Slate                                             -43.42 USD
  Expenses:Food:Restaurant                                                43.42 USD

2025-01-06 * La Colombe |
  ; trip-new-york-2024:
  Liabilities:US:Chase:Slate                                              -7.41 USD
  Expenses:Food:Coffee                                                     7.41 USD

2025-01-06 * Investing 40% of cash in VBMPX
  Assets:US:Vanguard:VBMPX                                         3.687 VBMPX @ 130.20 USD
  Assets:US:Vanguard:Cash                                               -480.05 USD
  Equity:Rounding                                                       0.00260 USD

2025-01-06 * Investing 60% of cash in RGAGX
  Assets:US:Vanguard:RGAGX                                         6.015 RGAGX @ 119.69 USD
  Assets:US:Vanguard:Cash                                               -719.94 USD
  Equity:Rounding                                                       0.00465 USD

2025-01-06 * Investing 40% of cash in VBMPX
  Assets:US:Vanguard:VBMPX                                         1.843 VBMPX @ 130.20 USD
  Assets:US:Vanguard:Cash                                               -239.96 USD
  Equity:Rounding                                                       0.00140 USD

2025-01-06 * Investing 60% of cash in RGAGX
  Assets:US:Vanguard:RGAGX                                         3.008 RGAGX @ 119.69 USD
  Assets:US:Vanguard:Cash                                               -360.03 USD
  Equity:Rounding                                                       0.00248 USD

2025-01-07 * Laut |
  ; trip-new-york-2024:
  Liabilities:US:Chase:Slate                                             -28.15 USD
  Expenses:Food:Restaurant                                                28.15 USD

2025-01-07 * Gimme! Coffee |
  ; trip-new-york-2024:
  Liabilities:US:Chase:Slate                                              -5.51 USD
  Expenses:Food:Coffee                                                     5.51 USD

2025-01-08 * EDISON POWER |
  Assets:US:BofA:Checking                                                -65.00 USD
  Expenses:Home:Electricity                                               65.00 USD

2025-01-08 * Uncle Boons |
  ; trip-new-york-2024:
  Liabilities:US:Chase:Slate                                             -36.44 USD
  Expenses:Food:Restaurant                                                36.44 USD

2025-01-08 * Takahachi |
  ; trip-new-york-2024:
  Liabilities:US:Chase:Slate                                             -46.19 USD
  Expenses:Food:Restaurant                                                46.19 USD

2025-01-08 * Laut |
  ; trip-new-york-2024:
  Liabilities:US:Chase:Slate                                             -29.33 USD
  Expenses:Food:Restaurant                                                29.33 USD

2025-01-09 * Takahachi |
  ; trip-new-york-2024:
  Liabilities:US:Chase:Slate                                             -51.45 USD
  Expenses:Food:Restaurant                                                51.45 USD

2025-01-09 * Laut |
  ; trip-new-york-2024:
  Liabilities:US:Chase:Slate                                             -28.77 USD
  Expenses:Food:Restaurant                                                28.77 USD

2025-01-09 * La Colombe |
  ; trip-new-york-2024:
  Liabilities:US:Chase:Slate                                              -6.80 USD
  Expenses:Food:Coffee                                                     6.80 USD

2025-01-10 * Laut |
  ; trip-new-york-2024:
  Liabilities:US:Chase:Slate                                             -34.28 USD
  Expenses:Food:Restaurant                                                34.28 USD

2025-01-10 * Gimme! Coffee |
  ; trip-new-york-2024:
  Liabilities:US:Chase:Slate                                              -8.11 USD
  Expenses:Food:Coffee                                                     8.11 USD

2025-01-10 * Chase:Slate | Paying off credit card
  Liabilities:US:Chase:Slate                                             561.71 USD
  Assets:US:BofA:Checking                                               -561.71 USD

P 2025-01-10 00:00:00 VBMPX                  128.88 USD

P 2025-01-10 00:00:00 RGAGX                  118.61 USD

P 2025-01-10 00:00:00 ITOT                   108.00 USD

P 2025-01-10 00:00:00 VEA                    185.45 USD

P 2025-01-10 00:00:00 VHT                    103.69 USD

P 2025-01-10 00:00:00 GLD                     38.39 USD

2025-01-11 * Takahachi |
  ; trip-new-york-2024:
  Liabilities:US:Chase:Slate                                             -46.67 USD
  Expenses:Food:Restaurant                                                46.67 USD

2025-01-11 * Laut |
  ; trip-new-york-2024:
  Liabilities:US:Chase:Slate                                             -34.42 USD
  Expenses:Food:Restaurant                                                34.42 USD

2025-01-12 * La Colombe |
  ; trip-new-york-2024:
  Liabilities:US:Chase:Slate                                              -5.30 USD
  Expenses:Food:Coffee                                                     5.30 USD

2025-01-12 * Gimme! Coffee |
  ; trip-new-york-2024:
  Liabilities:US:Chase:Slate                                              -6.65 USD
  Expenses:Food:Coffee                                                     6.65 USD


2025-01-13 * Uncle Boons |
  ; trip-new-york-2024:
  Liabilities:US:Chase:Slate                                             -38.23 USD
  Expenses:Food:Restaurant                                                38.23 USD

2025-01-13 * Laut |
  ; trip-new-york-2024:
  Liabilities:US:Chase:Slate                                             -31.89 USD
  Expenses:Food:Restaurant                                                31.89 USD

2025-01-13 * La Colombe |
  ; trip-new-york-2024:
  Liabilities:US:Chase:Slate                                              -6.51 USD
  Expenses:Food:Coffee                                                     6.51 USD

2025-01-14 * La Colombe |
  ; trip-new-york-2024:
  Liabilities:US:Chase:Slate                                              -4.67 USD
  Expenses:Food:Coffee                                                     4.67 USD

2025-01-15 * Uncle Boons |
  ; trip-new-york-2024:
  Liabilities:US:Chase:Slate                                             -45.08 USD
  Expenses:Food:Restaurant                                                45.08 USD

2025-01-15 * Gimme! Coffee |
  ; trip-new-york-2024:
  Liabilities:US:Chase:Slate                                              -4.36 USD
  Expenses:Food:Coffee                                                     4.36 USD

2025-01-16 * Uncle Boons |
  ; trip-new-york-2024:
  Liabilities:US:Chase:Slate                                             -38.34 USD
  Expenses:Food:Restaurant                                                38.34 USD

2025-01-16 * La Colombe |
  ; trip-new-york-2024:
  Liabilities:US:Chase:Slate                                              -5.56 USD
  Expenses:Food:Coffee                                                     5.56 USD

2025-01-16 * Hooli | Payroll
  Assets:US:BofA:Checking                                               1350.60 USD
  Assets:US:Vanguard:Cash                                               1200.00 USD
  Income:US:Hooli:Salary                                               -4615.38 USD
  Income:US:Hooli:GroupTermLife                                          -24.32 USD
  Expenses:Health:Life:GroupTermLife                                      24.32 USD
  Expenses:Health:Dental:Insurance                                         2.90 USD
  Expenses:Health:Medical:Insurance                                       27.38 USD
  Expenses:Health:Vision:Insurance                                        42.30 USD
  Expenses:Taxes:Y2025:US:Medicare                                       106.62 USD
  Expenses:Taxes:Y2025:US:Federal                                       1062.92 USD
  Expenses:Taxes:Y2025:US:State                                          365.08 USD
  Expenses:Taxes:Y2025:US:CityNYC                                        174.92 USD
  Expenses:Taxes:Y2025:US:SDI                                              1.12 USD
  Expenses:Taxes:Y2025:US:SocSec                                         281.54 USD
  Assets:US:Federal:PreTax401k                                      -1200.00 IRAUSD
  Expenses:Taxes:Y2025:US:Federal:PreTax401k                         1200.00 IRAUSD
  Assets:US:Hooli:Vacation                                                  5 VACHR
  Income:US:Hooli:Vacation                                                 -5 VACHR

2025-01-17 * Uncle Boons |
  ; trip-new-york-2024:
  Liabilities:US:Chase:Slate                                             -38.10 USD
  Expenses:Food:Restaurant                                                38.10 USD

2025-01-17 * Laut |
  ; trip-new-york-2024:
  Liabilities:US:Chase:Slate                                             -30.95 USD
  Expenses:Food:Restaurant                                                30.95 USD

2025-01-17 * La Colombe |
  ; trip-new-york-2024:
  Liabilities:US:Chase:Slate                                              -5.12 USD
  Expenses:Food:Coffee                                                     5.12 USD

2025-01-17 * Gimme! Coffee |
  ; trip-new-york-2024:
  Liabilities:US:Chase:Slate                                              -9.39 USD
  Expenses:Food:Coffee                                                     9.39 USD

2025-01-17 * Employer match for contribution
  Assets:US:Vanguard:Cash                                                600.00 USD
  Income:US:Hooli:Match401k                                             -600.00 USD

P 2025-01-17 00:00:00 VBMPX                  126.56 USD

P 2025-01-17 00:00:00 RGAGX                  120.55 USD

P 2025-01-17 00:00:00 ITOT                   108.65 USD

P 2025-01-17 00:00:00 VEA                    188.70 USD

P 2025-01-17 00:00:00 VHT                    104.96 USD

P 2025-01-17 00:00:00 GLD                     38.07 USD


2025-01-18 * La Colombe |
  ; trip-new-york-2024:
  Liabilities:US:Chase:Slate                                              -6.85 USD
  Expenses:Food:Coffee                                                     6.85 USD

2025-01-18 * Gimme! Coffee |
  ; trip-new-york-2024:
  Liabilities:US:Chase:Slate                                              -7.02 USD
  Expenses:Food:Coffee                                                     7.02 USD

2025-01-19 * Verizon Wireless |
  Assets:US:BofA:Checking                                                -67.02 USD
  Expenses:Home:Phone                                                     67.02 USD

2025-01-19 * Cafe Select |
  ; trip-new-york-2024:
  Liabilities:US:Chase:Slate                                             -25.91 USD
  Expenses:Food:Restaurant                                                25.91 USD

2025-01-19 * Consume vacation days
  Assets:US:Hooli:Vacation                                               -176 VACHR
  Expenses:Vacation                                                       176 VACHR

;; Event: 2025-01-19 "location" "New Metropolis"

2025-01-20 * Kin Soy | Eating out with Julie
  Liabilities:US:Chase:Slate                                             -29.72 USD
  Expenses:Food:Restaurant                                                29.72 USD

2025-01-20 * Investing 40% of cash in VBMPX
  Assets:US:Vanguard:VBMPX                                         3.793 VBMPX @ 126.56 USD
  Assets:US:Vanguard:Cash                                               -480.04 USD
  Equity:Rounding                                                      -0.00208 USD

2025-01-20 * Investing 60% of cash in RGAGX
  Assets:US:Vanguard:RGAGX                                         5.973 RGAGX @ 120.55 USD
  Assets:US:Vanguard:Cash                                               -720.05 USD
  Equity:Rounding                                                       0.00485 USD

2025-01-20 * Investing 40% of cash in VBMPX
  Assets:US:Vanguard:VBMPX                                         1.896 VBMPX @ 126.56 USD
  Assets:US:Vanguard:Cash                                               -239.96 USD
  Equity:Rounding                                                       0.00224 USD

2025-01-20 * Investing 60% of cash in RGAGX
  Assets:US:Vanguard:RGAGX                                         2.986 RGAGX @ 120.55 USD
  Assets:US:Vanguard:Cash                                               -359.96 USD
  Equity:Rounding                                                      -0.00230 USD

2025-01-21 * Wine-Tarner Cable |
  Assets:US:BofA:Checking                                                -80.07 USD
  Expenses:Home:Internet                                                  80.07 USD

2025-01-21 * China Garden | Eating out with Bill
  Liabilities:US:Chase:Slate                                             -14.96 USD
  Expenses:Food:Restaurant                                                14.96 USD

2025-01-21 * Good Moods Market | Buying groceries
  Liabilities:US:Chase:Slate                                            -108.49 USD
  Expenses:Food:Groceries                                                108.49 USD

2025-01-24 * Rose Flower | Eating out 
  Liabilities:US:Chase:Slate                                             -32.72 USD
  Expenses:Food:Restaurant                                                32.72 USD

P 2025-01-24 00:00:00 VBMPX                  126.79 USD

P 2025-01-24 00:00:00 RGAGX                  117.55 USD

P 2025-01-24 00:00:00 ITOT                   107.77 USD

P 2025-01-24 00:00:00 VEA                    188.21 USD

P 2025-01-24 00:00:00 VHT                    104.86 USD

P 2025-01-24 00:00:00 GLD                     38.99 USD

2025-01-25 * Chichipotle | Eating out with Bill
  Liabilities:US:Chase:Slate                                             -21.17 USD
  Expenses:Food:Restaurant                                                21.17 USD

2025-01-26 * Metro Transport Authority | Tram tickets
  Liabilities:US:Chase:Slate                                            -120.00 USD
  Expenses:Transport:Tram                                                120.00 USD

2025-01-27 * Chichipotle | Eating out with Joe
  Liabilities:US:Chase:Slate                                             -23.80 USD
  Expenses:Food:Restaurant                                                23.80 USD

2025-01-28 * Farmer Fresh | Buying groceries
  Liabilities:US:Chase:Slate                                            -109.33 USD
  Expenses:Food:Groceries                                                109.33 USD

2025-01-30 * Goba Goba | Eating out 
  Liabilities:US:Chase:Slate                                             -33.19 USD
  Expenses:Food:Restaurant                                                33.19 USD

2025-01-30 * Hooli | Payroll
  Assets:US:BofA:Checking                                               1350.60 USD
  Assets:US:Vanguard:Cash                                               1200.00 USD
  Income:US:Hooli:Salary                                               -4615.38 USD
  Income:US:Hooli:GroupTermLife                                          -24.32 USD
  Expenses:Health:Life:GroupTermLife                                      24.32 USD
  Expenses:Health:Dental:Insurance                                         2.90 USD
  Expenses:Health:Medical:Insurance                                       27.38 USD
  Expenses:Health:Vision:Insurance                                        42.30 USD
  Expenses:Taxes:Y2025:US:Medicare                                       106.62 USD
  Expenses:Taxes:Y2025:US:Federal                                       1062.92 USD
  Expenses:Taxes:Y2025:US:State                                          365.08 USD
  Expenses:Taxes:Y2025:US:CityNYC                                        174.92 USD
  Expenses:Taxes:Y2025:US:SDI                                              1.12 USD
  Expenses:Taxes:Y2025:US:SocSec                                         281.54 USD
  Assets:US:Federal:PreTax401k                                      -1200.00 IRAUSD
  Expenses:Taxes:Y2025:US:Federal:PreTax401k                         1200.00 IRAUSD
  Assets:US:Hooli:Vacation                                                  5 VACHR
  Income:US:Hooli:Vacation                                                 -5 VACHR

2025-01-31 * Employer match for contribution
  Assets:US:Vanguard:Cash                                                600.00 USD
  Income:US:Hooli:Match401k                                             -600.00 USD

P 2025-01-31 00:00:00 VBMPX                  129.05 USD

P 2025-01-31 00:00:00 RGAGX                  116.71 USD

P 2025-01-31 00:00:00 ITOT                   107.64 USD

P 2025-01-31 00:00:00 VEA                    194.09 USD

P 2025-01-31 00:00:00 VHT                    105.74 USD

P 2025-01-31 00:00:00 GLD                     38.27 USD


2025-02-02 * Corner Deli | Buying groceries
  Liabilities:US:Chase:Slate                                            -122.49 USD
  Expenses:Food:Groceries                                                122.49 USD

2025-02-03 * RiverBank Properties | Paying the rent
  Assets:US:BofA:Checking                                              -2400.00 USD
  Expenses:Home:Rent                                                    2400.00 USD

2025-02-03 * China Garden | Eating out 
  Liabilities:US:Chase:Slate                                             -45.10 USD
  Expenses:Food:Restaurant                                                45.10 USD

2025-02-03 * Investing 40% of cash in VBMPX
  Assets:US:Vanguard:VBMPX                                         3.719 VBMPX @ 129.05 USD
  Assets:US:Vanguard:Cash                                               -479.94 USD
  Equity:Rounding                                                       0.00305 USD

2025-02-03 * Investing 60% of cash in RGAGX
  Assets:US:Vanguard:RGAGX                                         6.169 RGAGX @ 116.71 USD
  Assets:US:Vanguard:Cash                                               -719.98 USD
  Equity:Rounding                                                      -0.00399 USD

2025-02-03 * Investing 40% of cash in VBMPX
  Assets:US:Vanguard:VBMPX                                         1.860 VBMPX @ 129.05 USD
  Assets:US:Vanguard:Cash                                               -240.03 USD
  Equity:Rounding                                                      -0.00300 USD

2025-02-03 * Investing 60% of cash in RGAGX
  Assets:US:Vanguard:RGAGX                                         3.085 RGAGX @ 116.71 USD
  Assets:US:Vanguard:Cash                                               -360.05 USD
  Equity:Rounding                                                      -0.00035 USD

2025-02-04 * BANK FEES | Monthly bank fee
  Assets:US:BofA:Checking                                                 -4.00 USD
  Expenses:Financial:Fees                                                  4.00 USD

P 2025-02-07 00:00:00 VBMPX                  131.19 USD

P 2025-02-07 00:00:00 RGAGX                  117.69 USD

P 2025-02-07 00:00:00 ITOT                   106.56 USD

P 2025-02-07 00:00:00 VEA                    193.70 USD

P 2025-02-07 00:00:00 VHT                    107.58 USD

P 2025-02-07 00:00:00 GLD                     38.40 USD

2025-02-08 * EDISON POWER |
  Assets:US:BofA:Checking                                                -65.00 USD
  Expenses:Home:Electricity                                               65.00 USD

2025-02-08 * Goba Goba | Eating out with Natasha
  Liabilities:US:Chase:Slate                                             -41.87 USD
  Expenses:Food:Restaurant                                                41.87 USD


2025-02-10 * Cafe Modagor | Eating out with Bill
  Liabilities:US:Chase:Slate                                             -27.87 USD
  Expenses:Food:Restaurant                                                27.87 USD

2025-02-10 * Good Moods Market | Buying groceries
  Liabilities:US:Chase:Slate                                            -106.06 USD
  Expenses:Food:Groceries                                                106.06 USD

2025-02-10 * Chase:Slate | Paying off credit card
  Liabilities:US:Chase:Slate                                             700.99 USD
  Assets:US:BofA:Checking                                               -700.99 USD

2025-02-13 * Hooli | Payroll
  Assets:US:BofA:Checking                                               1350.60 USD
  Assets:US:Vanguard:Cash                                               1200.00 USD
  Income:US:Hooli:Salary                                               -4615.38 USD
  Income:US:Hooli:GroupTermLife                                          -24.32 USD
  Expenses:Health:Life:GroupTermLife                                      24.32 USD
  Expenses:Health:Dental:Insurance                                         2.90 USD
  Expenses:Health:Medical:Insurance                                       27.38 USD
  Expenses:Health:Vision:Insurance                                        42.30 USD
  Expenses:Taxes:Y2025:US:Medicare                                       106.62 USD
  Expenses:Taxes:Y2025:US:Federal                                       1062.92 USD
  Expenses:Taxes:Y2025:US:State                                          365.08 USD
  Expenses:Taxes:Y2025:US:CityNYC                                        174.92 USD
  Expenses:Taxes:Y2025:US:SDI                                              1.12 USD
  Expenses:Taxes:Y2025:US:SocSec                                         281.54 USD
  Assets:US:Federal:PreTax401k                                      -1200.00 IRAUSD
  Expenses:Taxes:Y2025:US:Federal:PreTax401k                         1200.00 IRAUSD
  Assets:US:Hooli:Vacation                                                  5 VACHR
  Income:US:Hooli:Vacation                                                 -5 VACHR

2025-02-14 * Chichipotle | Eating out with Julie
  Liabilities:US:Chase:Slate                                             -21.23 USD
  Expenses:Food:Restaurant                                                21.23 USD

2025-02-14 * Employer match for contribution
  Assets:US:Vanguard:Cash                                                600.00 USD
  Income:US:Hooli:Match401k                                             -600.00 USD

P 2025-02-14 00:00:00 VBMPX                  131.67 USD

P 2025-02-14 00:00:00 RGAGX                  116.15 USD

P 2025-02-14 00:00:00 ITOT                   104.35 USD

P 2025-02-14 00:00:00 VEA                    197.12 USD

P 2025-02-14 00:00:00 VHT                    108.60 USD

P 2025-02-14 00:00:00 GLD                     38.43 USD

2025-02-16 * Sell shares of ITOT
  Assets:US:ETrade:ITOT                                            -19 ITOT {96.15 USD}
  Assets:US:ETrade:Cash                                                 1973.70 USD
  Expenses:Financial:Commissions                                           8.95 USD
  Income:US:ETrade:PnL                                                  -155.80 USD

2025-02-17 * Investing 40% of cash in VBMPX
  Assets:US:Vanguard:VBMPX                                         3.645 VBMPX @ 131.67 USD
  Assets:US:Vanguard:Cash                                               -479.94 USD
  Equity:Rounding                                                       0.00285 USD

2025-02-17 * Investing 60% of cash in RGAGX
  Assets:US:Vanguard:RGAGX                                         6.199 RGAGX @ 116.15 USD
  Assets:US:Vanguard:Cash                                               -720.01 USD
  Equity:Rounding                                                      -0.00385 USD

2025-02-17 * Investing 40% of cash in VBMPX
  Assets:US:Vanguard:VBMPX                                         1.823 VBMPX @ 131.67 USD
  Assets:US:Vanguard:Cash                                               -240.03 USD
  Equity:Rounding                                                      -0.00441 USD

2025-02-17 * Investing 60% of cash in RGAGX
  Assets:US:Vanguard:RGAGX                                         3.100 RGAGX @ 116.15 USD
  Assets:US:Vanguard:Cash                                               -360.06 USD
  Equity:Rounding                                                      -0.00500 USD

2025-02-18 * Verizon Wireless |
  Assets:US:BofA:Checking                                                -64.68 USD
  Expenses:Home:Phone                                                     64.68 USD

2025-02-18 * Rose Flower | Eating out with Natasha
  Liabilities:US:Chase:Slate                                             -51.26 USD
  Expenses:Food:Restaurant                                                51.26 USD

2025-02-21 * Wine-Tarner Cable |
  Assets:US:BofA:Checking                                                -80.06 USD
  Expenses:Home:Internet                                                  80.06 USD

2025-02-21 * Chichipotle | Eating out with Natasha
  Liabilities:US:Chase:Slate                                             -38.81 USD
  Expenses:Food:Restaurant                                                38.81 USD

2025-02-21 * Farmer Fresh | Buying groceries
  Liabilities:US:Chase:Slate                                             -65.49 USD
  Expenses:Food:Groceries                                                 65.49 USD

P 2025-02-21 00:00:00 VBMPX                  132.05 USD

P 2025-02-21 00:00:00 RGAGX                  118.75 USD

P 2025-02-21 00:00:00 ITOT                   106.56 USD

P 2025-02-21 00:00:00 VEA                    190.04 USD

P 2025-02-21 00:00:00 VHT                    108.52 USD

P 2025-02-21 00:00:00 GLD                     38.81 USD

2025-02-22 * Buy shares of VHT
  Assets:US:ETrade:Cash                                                 -660.07 USD
  Assets:US:ETrade:VHT                                             6 VHT @ 108.52 USD
  Expenses:Financial:Commissions                                           8.95 USD

2025-02-22 * Buy shares of VEA
  Assets:US:ETrade:Cash                                                 -579.07 USD
  Assets:US:ETrade:VEA                                             3 VEA @ 190.04 USD
  Expenses:Financial:Commissions                                           8.95 USD

2025-02-22 * Buy shares of ITOT
  Assets:US:ETrade:Cash                                                 -648.31 USD
  Assets:US:ETrade:ITOT                                            6 ITOT @ 106.56 USD
  Expenses:Financial:Commissions                                           8.95 USD

2025-02-24 * China Garden | Eating out with Natasha
  Liabilities:US:Chase:Slate                                             -41.65 USD
  Expenses:Food:Restaurant                                                41.65 USD

2025-02-26 * China Garden | Eating out after work
  Liabilities:US:Chase:Slate                                             -35.99 USD
  Expenses:Food:Restaurant                                                35.99 USD

2025-02-27 * Metro Transport Authority | Tram tickets
  Liabilities:US:Chase:Slate                                            -120.00 USD
  Expenses:Transport:Tram                                                120.00 USD

2025-02-27 * Hooli | Payroll
  Assets:US:BofA:Checking                                               1350.60 USD
  Assets:US:Vanguard:Cash                                               1200.00 USD
  Income:US:Hooli:Salary                                               -4615.38 USD
  Income:US:Hooli:GroupTermLife                                          -24.32 USD
  Expenses:Health:Life:GroupTermLife                                      24.32 USD
  Expenses:Health:Dental:Insurance                                         2.90 USD
  Expenses:Health:Medical:Insurance                                       27.38 USD
  Expenses:Health:Vision:Insurance                                        42.30 USD
  Expenses:Taxes:Y2025:US:Medicare                                       106.62 USD
  Expenses:Taxes:Y2025:US:Federal                                       1062.92 USD
  Expenses:Taxes:Y2025:US:State                                          365.08 USD
  Expenses:Taxes:Y2025:US:CityNYC                                        174.92 USD
  Expenses:Taxes:Y2025:US:SDI                                              1.12 USD
  Expenses:Taxes:Y2025:US:SocSec                                         281.54 USD
  Assets:US:Federal:PreTax401k                                      -1200.00 IRAUSD
  Expenses:Taxes:Y2025:US:Federal:PreTax401k                         1200.00 IRAUSD
  Assets:US:Hooli:Vacation                                                  5 VACHR
  Income:US:Hooli:Vacation                                                 -5 VACHR

2025-02-28 * Employer match for contribution
  Assets:US:Vanguard:Cash                                                600.00 USD
  Income:US:Hooli:Match401k                                             -600.00 USD

P 2025-02-28 00:00:00 VBMPX                  136.59 USD

P 2025-02-28 00:00:00 RGAGX                  118.42 USD

P 2025-02-28 00:00:00 ITOT                   105.58 USD

P 2025-02-28 00:00:00 VEA                    192.11 USD

P 2025-02-28 00:00:00 VHT                    106.26 USD

P 2025-02-28 00:00:00 GLD                     39.44 USD



2025-03-03 * Rose Flower | Eating out with work buddies
  Liabilities:US:Chase:Slate                                             -14.06 USD
  Expenses:Food:Restaurant                                                14.06 USD

2025-03-03 * Investing 40% of cash in VBMPX
  Assets:US:Vanguard:VBMPX                                         3.514 VBMPX @ 136.59 USD
  Assets:US:Vanguard:Cash                                               -479.98 USD
  Equity:Rounding                                                       0.00274 USD

2025-03-03 * Investing 60% of cash in RGAGX
  Assets:US:Vanguard:RGAGX                                         6.080 RGAGX @ 118.42 USD
  Assets:US:Vanguard:Cash                                               -719.99 USD
  Equity:Rounding                                                      -0.00360 USD

2025-03-03 * Investing 40% of cash in VBMPX
  Assets:US:Vanguard:VBMPX                                         1.757 VBMPX @ 136.59 USD
  Assets:US:Vanguard:Cash                                               -239.99 USD
  Equity:Rounding                                                       0.00137 USD

2025-03-03 * Investing 60% of cash in RGAGX
  Assets:US:Vanguard:RGAGX                                         3.040 RGAGX @ 118.42 USD
  Assets:US:Vanguard:Cash                                               -360.00 USD
  Equity:Rounding                                                       0.00320 USD

2025-03-04 * BANK FEES | Monthly bank fee
  Assets:US:BofA:Checking                                                 -4.00 USD
  Expenses:Financial:Fees                                                  4.00 USD

2025-03-04 * RiverBank Properties | Paying the rent
  Assets:US:BofA:Checking                                              -2400.00 USD
  Expenses:Home:Rent                                                    2400.00 USD

2025-03-05 * Good Moods Market | Buying groceries
  Liabilities:US:Chase:Slate                                             -86.16 USD
  Expenses:Food:Groceries                                                 86.16 USD

2025-03-06 * Rose Flower | Eating out 
  Liabilities:US:Chase:Slate                                             -26.46 USD
  Expenses:Food:Restaurant                                                26.46 USD

2025-03-07 * Chase:Slate | Paying off credit card
  Liabilities:US:Chase:Slate                                             643.64 USD
  Assets:US:BofA:Checking                                               -643.64 USD

P 2025-03-07 00:00:00 VBMPX                  135.42 USD

P 2025-03-07 00:00:00 RGAGX                  118.29 USD

P 2025-03-07 00:00:00 ITOT                   105.78 USD

P 2025-03-07 00:00:00 VEA                    188.71 USD

P 2025-03-07 00:00:00 VHT                    107.85 USD

P 2025-03-07 00:00:00 GLD                     39.83 USD

2025-03-09 * EDISON POWER |
  Assets:US:BofA:Checking                                                -65.00 USD
  Expenses:Home:Electricity                                               65.00 USD

2025-03-09 * China Garden | Eating out with work buddies
  Liabilities:US:Chase:Slate                                             -36.47 USD
  Expenses:Food:Restaurant                                                36.47 USD

2025-03-10 * Good Moods Market | Buying groceries
  Liabilities:US:Chase:Slate                                            -110.61 USD
  Expenses:Food:Groceries                                                110.61 USD

2025-03-13 * Hooli | Payroll
  Assets:US:BofA:Checking                                               1350.60 USD
  Assets:US:Vanguard:Cash                                               1200.00 USD
  Income:US:Hooli:Salary                                               -4615.38 USD
  Income:US:Hooli:GroupTermLife                                          -24.32 USD
  Expenses:Health:Life:GroupTermLife                                      24.32 USD
  Expenses:Health:Dental:Insurance                                         2.90 USD
  Expenses:Health:Medical:Insurance                                       27.38 USD
  Expenses:Health:Vision:Insurance                                        42.30 USD
  Expenses:Taxes:Y2025:US:Medicare                                       106.62 USD
  Expenses:Taxes:Y2025:US:Federal                                       1062.92 USD
  Expenses:Taxes:Y2025:US:State                                          365.08 USD
  Expenses:Taxes:Y2025:US:CityNYC                                        174.92 USD
  Expenses:Taxes:Y2025:US:SDI                                              1.12 USD
  Expenses:Taxes:Y2025:US:SocSec                                         281.54 USD
  Assets:US:Federal:PreTax401k                                      -1200.00 IRAUSD
  Expenses:Taxes:Y2025:US:Federal:PreTax401k                         1200.00 IRAUSD
  Assets:US:Hooli:Vacation                                                  5 VACHR
  Income:US:Hooli:Vacation                                                 -5 VACHR

2025-03-14 * Kin Soy | Eating out 
  Liabilities:US:Chase:Slate                                             -33.18 USD
  Expenses:Food:Restaurant                                                33.18 USD

2025-03-14 * Employer match for contribution
  Assets:US:Vanguard:Cash                                                600.00 USD
  Income:US:Hooli:Match401k                                             -600.00 USD

P 2025-03-14 00:00:00 VBMPX                  135.76 USD

P 2025-03-14 00:00:00 RGAGX                  117.16 USD

P 2025-03-14 00:00:00 ITOT                   104.84 USD

P 2025-03-14 00:00:00 VEA                    186.74 USD

P 2025-03-14 00:00:00 VHT                    105.57 USD

P 2025-03-14 00:00:00 GLD                     39.99 USD

2025-03-17 * Investing 40% of cash in VBMPX
  Assets:US:Vanguard:VBMPX                                         3.536 VBMPX @ 135.76 USD
  Assets:US:Vanguard:Cash                                               -480.05 USD
  Equity:Rounding                                                       0.00264 USD

2025-03-17 * Investing 60% of cash in RGAGX
  Assets:US:Vanguard:RGAGX                                         6.145 RGAGX @ 117.16 USD
  Assets:US:Vanguard:Cash                                               -719.95 USD
  Equity:Rounding                                                       0.00180 USD

2025-03-17 * Investing 40% of cash in VBMPX
  Assets:US:Vanguard:VBMPX                                         1.768 VBMPX @ 135.76 USD
  Assets:US:Vanguard:Cash                                               -240.02 USD
  Equity:Rounding                                                      -0.00368 USD

2025-03-17 * Investing 60% of cash in RGAGX
  Assets:US:Vanguard:RGAGX                                         3.073 RGAGX @ 117.16 USD
  Assets:US:Vanguard:Cash                                               -360.03 USD
  Equity:Rounding                                                      -0.00268 USD

2025-03-18 * Dividends on portfolio
  Assets:US:ETrade:Cash                                                   37.59 USD
  Income:US:ETrade:VEA:Dividend                                          -37.59 USD

2025-03-19 * Verizon Wireless |
  Assets:US:BofA:Checking                                                -54.73 USD
  Expenses:Home:Phone                                                     54.73 USD

2025-03-19 * China Garden | Eating out after work
  Liabilities:US:Chase:Slate                                             -21.26 USD
  Expenses:Food:Restaurant                                                21.26 USD

2025-03-21 * Wine-Tarner Cable |
  Assets:US:BofA:Checking                                                -79.90 USD
  Expenses:Home:Internet                                                  79.90 USD

2025-03-21 * Goba Goba | Eating out after work
  Liabilities:US:Chase:Slate                                             -25.94 USD
  Expenses:Food:Restaurant                                                25.94 USD

P 2025-03-21 00:00:00 VBMPX                  135.68 USD

P 2025-03-21 00:00:00 RGAGX                  116.70 USD

P 2025-03-21 00:00:00 ITOT                   104.28 USD

P 2025-03-21 00:00:00 VEA                    188.63 USD

P 2025-03-21 00:00:00 VHT                    105.10 USD

P 2025-03-21 00:00:00 GLD                     40.09 USD


2025-03-22 * Chichipotle | Eating out with Bill
  Liabilities:US:Chase:Slate                                             -15.50 USD
  Expenses:Food:Restaurant                                                15.50 USD

2025-03-23 * Good Moods Market | Buying groceries
  Liabilities:US:Chase:Slate                                             -85.37 USD
  Expenses:Food:Groceries                                                 85.37 USD

2025-03-24 * Kin Soy | Eating out 
  Liabilities:US:Chase:Slate                                             -32.82 USD
  Expenses:Food:Restaurant                                                32.82 USD

2025-03-25 * Filing taxes for 2024
  Expenses:Taxes:Y2024:US:Federal                                        564.68 USD
  Expenses:Taxes:Y2024:US:State                                          192.06 USD
  Liabilities:AccountsPayable                                           -756.74 USD

2025-03-26 * Uncle Boons | Eating out with Natasha
  Liabilities:US:Chase:Slate                                             -26.94 USD
  Expenses:Food:Restaurant                                                26.94 USD

2025-03-27 * Metro Transport Authority | Tram tickets
  Liabilities:US:Chase:Slate                                            -120.00 USD
  Expenses:Transport:Tram                                                120.00 USD

2025-03-27 * Hooli | Payroll
  Assets:US:BofA:Checking                                               1350.60 USD
  Assets:US:Vanguard:Cash                                               1200.00 USD
  Income:US:Hooli:Salary                                               -4615.38 USD
  Income:US:Hooli:GroupTermLife                                          -24.32 USD
  Expenses:Health:Life:GroupTermLife                                      24.32 USD
  Expenses:Health:Dental:Insurance                                         2.90 USD
  Expenses:Health:Medical:Insurance                                       27.38 USD
  Expenses:Health:Vision:Insurance                                        42.30 USD
  Expenses:Taxes:Y2025:US:Medicare                                       106.62 USD
  Expenses:Taxes:Y2025:US:Federal                                       1062.92 USD
  Expenses:Taxes:Y2025:US:State                                          365.08 USD
  Expenses:Taxes:Y2025:US:CityNYC                                        174.92 USD
  Expenses:Taxes:Y2025:US:SDI                                              1.12 USD
  Expenses:Taxes:Y2025:US:SocSec                                         281.54 USD
  Assets:US:Federal:PreTax401k                                      -1200.00 IRAUSD
  Expenses:Taxes:Y2025:US:Federal:PreTax401k                         1200.00 IRAUSD
  Assets:US:Hooli:Vacation                                                  5 VACHR
  Income:US:Hooli:Vacation                                                 -5 VACHR

2025-03-28 * Employer match for contribution
  Assets:US:Vanguard:Cash                                                600.00 USD
  Income:US:Hooli:Match401k                                             -600.00 USD

P 2025-03-28 00:00:00 VBMPX                  139.02 USD

P 2025-03-28 00:00:00 RGAGX                  117.91 USD

P 2025-03-28 00:00:00 ITOT                   103.09 USD

P 2025-03-28 00:00:00 VEA                    187.06 USD

P 2025-03-28 00:00:00 VHT                    104.39 USD

P 2025-03-28 00:00:00 GLD                     39.37 USD

2025-03-29 * Goba Goba | Eating out after work
  Liabilities:US:Chase:Slate                                             -17.66 USD
  Expenses:Food:Restaurant                                                17.66 USD

2025-03-29 * FEDERAL TAXPYMT
  Assets:US:BofA:Checking                                               -564.68 USD
  Liabilities:AccountsPayable                                            564.68 USD

2025-03-29 * STATE TAX & FINANC PYMT
  Assets:US:BofA:Checking                                               -192.06 USD
  Liabilities:AccountsPayable                                            192.06 USD


2025-03-31 * Kin Soy | Eating out with work buddies
  Liabilities:US:Chase:Slate                                             -23.42 USD
  Expenses:Food:Restaurant                                                23.42 USD

2025-03-31 * Investing 40% of cash in VBMPX
  Assets:US:Vanguard:VBMPX                                         3.453 VBMPX @ 139.02 USD
  Assets:US:Vanguard:Cash                                               -480.04 USD
  Equity:Rounding                                                       0.00394 USD

2025-03-31 * Investing 60% of cash in RGAGX
  Assets:US:Vanguard:RGAGX                                         6.106 RGAGX @ 117.91 USD
  Assets:US:Vanguard:Cash                                               -719.96 USD
  Equity:Rounding                                                       0.00154 USD

2025-03-31 * Investing 40% of cash in VBMPX
  Assets:US:Vanguard:VBMPX                                         1.726 VBMPX @ 139.02 USD
  Assets:US:Vanguard:Cash                                               -239.95 USD
  Equity:Rounding                                                       0.00148 USD

2025-03-31 * Investing 60% of cash in RGAGX
  Assets:US:Vanguard:RGAGX                                         3.053 RGAGX @ 117.91 USD
  Assets:US:Vanguard:Cash                                               -359.98 USD
  Equity:Rounding                                                       0.00077 USD

2025-04-03 * Kin Soy | Eating out with work buddies
  Liabilities:US:Chase:Slate                                             -22.35 USD
  Expenses:Food:Restaurant                                                22.35 USD

2025-04-03 * Good Moods Market | Buying groceries
  Liabilities:US:Chase:Slate                                             -45.75 USD
  Expenses:Food:Groceries                                                 45.75 USD

2025-04-04 * BANK FEES | Monthly bank fee
  Assets:US:BofA:Checking                                                 -4.00 USD
  Expenses:Financial:Fees                                                  4.00 USD

2025-04-04 * Kin Soy | Eating out alone
  Liabilities:US:Chase:Slate                                             -36.08 USD
  Expenses:Food:Restaurant                                                36.08 USD

P 2025-04-04 00:00:00 VBMPX                  139.89 USD

P 2025-04-04 00:00:00 RGAGX                  118.25 USD

P 2025-04-04 00:00:00 ITOT                   102.76 USD

P 2025-04-04 00:00:00 VEA                    186.45 USD

P 2025-04-04 00:00:00 VHT                    106.31 USD

P 2025-04-04 00:00:00 GLD                     40.04 USD

2025-04-05 * RiverBank Properties | Paying the rent
  Assets:US:BofA:Checking                                              -2400.00 USD
  Expenses:Home:Rent                                                    2400.00 USD

2025-04-07 * Chase:Slate | Paying off credit card
  Liabilities:US:Chase:Slate                                             637.36 USD
  Assets:US:BofA:Checking                                               -637.36 USD

2025-04-07 * Sell shares of GLD
  Assets:US:ETrade:GLD                                             -51 GLD {36.86 USD}
  Assets:US:ETrade:Cash                                                 2033.09 USD
  Expenses:Financial:Commissions                                           8.95 USD
  Income:US:ETrade:PnL                                                  -162.18 USD

2025-04-08 * China Garden | Eating out with Natasha
  Liabilities:US:Chase:Slate                                             -20.48 USD
  Expenses:Food:Restaurant                                                20.48 USD

2025-04-09 * EDISON POWER |
  Assets:US:BofA:Checking                                                -65.00 USD
  Expenses:Home:Electricity                                               65.00 USD

2025-04-09 * Uncle Boons | Eating out with Natasha
  Liabilities:US:Chase:Slate                                             -26.44 USD
  Expenses:Food:Restaurant                                                26.44 USD

2025-04-10 * Hooli | Payroll
  Assets:US:BofA:Checking                                               1350.60 USD
  Assets:US:Vanguard:Cash                                               1200.00 USD
  Income:US:Hooli:Salary                                               -4615.38 USD
  Income:US:Hooli:GroupTermLife                                          -24.32 USD
  Expenses:Health:Life:GroupTermLife                                      24.32 USD
  Expenses:Health:Dental:Insurance                                         2.90 USD
  Expenses:Health:Medical:Insurance                                       27.38 USD
  Expenses:Health:Vision:Insurance                                        42.30 USD
  Expenses:Taxes:Y2025:US:Medicare                                       106.62 USD
  Expenses:Taxes:Y2025:US:Federal                                       1062.92 USD
  Expenses:Taxes:Y2025:US:State                                          365.08 USD
  Expenses:Taxes:Y2025:US:CityNYC                                        174.92 USD
  Expenses:Taxes:Y2025:US:SDI                                              1.12 USD
  Expenses:Taxes:Y2025:US:SocSec                                         281.54 USD
  Assets:US:Federal:PreTax401k                                      -1200.00 IRAUSD
  Expenses:Taxes:Y2025:US:Federal:PreTax401k                         1200.00 IRAUSD
  Assets:US:Hooli:Vacation                                                  5 VACHR
  Income:US:Hooli:Vacation                                                 -5 VACHR

2025-04-11 * Employer match for contribution
  Assets:US:Vanguard:Cash                                                600.00 USD
  Income:US:Hooli:Match401k                                             -600.00 USD

P 2025-04-11 00:00:00 VBMPX                  140.09 USD

P 2025-04-11 00:00:00 RGAGX                  120.75 USD

P 2025-04-11 00:00:00 ITOT                    99.81 USD

P 2025-04-11 00:00:00 VEA                    184.91 USD

P 2025-04-11 00:00:00 VHT                    107.08 USD

P 2025-04-11 00:00:00 GLD                     40.28 USD

2025-04-13 * Kin Soy | Eating out with Julie
  Liabilities:US:Chase:Slate                                             -47.92 USD
  Expenses:Food:Restaurant                                                47.92 USD

2025-04-14 * Buy shares of ITOT
  Assets:US:ETrade:Cash                                                -2504.20 USD
  Assets:US:ETrade:ITOT                                            25 ITOT @ 99.81 USD
  Expenses:Financial:Commissions                                           8.95 USD

2025-04-14 * Investing 40% of cash in VBMPX
  Assets:US:Vanguard:VBMPX                                         3.426 VBMPX @ 140.09 USD
  Assets:US:Vanguard:Cash                                               -479.95 USD
  Equity:Rounding                                                       0.00166 USD

2025-04-14 * Investing 60% of cash in RGAGX
  Assets:US:Vanguard:RGAGX                                         5.963 RGAGX @ 120.75 USD
  Assets:US:Vanguard:Cash                                               -720.03 USD
  Equity:Rounding                                                      -0.00225 USD

2025-04-14 * Investing 40% of cash in VBMPX
  Assets:US:Vanguard:VBMPX                                         1.713 VBMPX @ 140.09 USD
  Assets:US:Vanguard:Cash                                               -239.97 USD
  Equity:Rounding                                                      -0.00417 USD

2025-04-14 * Investing 60% of cash in RGAGX
  Assets:US:Vanguard:RGAGX                                         2.981 RGAGX @ 120.75 USD
  Assets:US:Vanguard:Cash                                               -359.96 USD
  Equity:Rounding                                                       0.00425 USD

2025-04-16 * Chichipotle | Eating out with Julie
  Liabilities:US:Chase:Slate                                             -26.74 USD
  Expenses:Food:Restaurant                                                26.74 USD

P 2025-04-18 00:00:00 VBMPX                  138.15 USD

P 2025-04-18 00:00:00 RGAGX                  122.28 USD

P 2025-04-18 00:00:00 ITOT                    98.13 USD

P 2025-04-18 00:00:00 VEA                    185.83 USD

P 2025-04-18 00:00:00 VHT                    103.88 USD

P 2025-04-18 00:00:00 GLD                     39.83 USD

2025-04-19 * Verizon Wireless |
  Assets:US:BofA:Checking                                                -50.53 USD
  Expenses:Home:Phone                                                     50.53 USD


2025-04-20 * Kin Soy | Eating out with work buddies
  Liabilities:US:Chase:Slate                                             -47.79 USD
  Expenses:Food:Restaurant                                                47.79 USD

2025-04-22 * Corner Deli | Buying groceries
  Liabilities:US:Chase:Slate                                             -75.32 USD
  Expenses:Food:Groceries                                                 75.32 USD

2025-04-23 * Wine-Tarner Cable |
  Assets:US:BofA:Checking                                                -79.81 USD
  Expenses:Home:Internet                                                  79.81 USD

2025-04-23 * Uncle Boons | Eating out with work buddies
  Liabilities:US:Chase:Slate                                             -13.53 USD
  Expenses:Food:Restaurant                                                13.53 USD

2025-04-24 * Hooli | Payroll
  Assets:US:BofA:Checking                                               1350.60 USD
  Assets:US:Vanguard:Cash                                               1200.00 USD
  Income:US:Hooli:Salary                                               -4615.38 USD
  Income:US:Hooli:GroupTermLife                                          -24.32 USD
  Expenses:Health:Life:GroupTermLife                                      24.32 USD
  Expenses:Health:Dental:Insurance                                         2.90 USD
  Expenses:Health:Medical:Insurance                                       27.38 USD
  Expenses:Health:Vision:Insurance                                        42.30 USD
  Expenses:Taxes:Y2025:US:Medicare                                       106.62 USD
  Expenses:Taxes:Y2025:US:Federal                                       1062.92 USD
  Expenses:Taxes:Y2025:US:State                                          365.08 USD
  Expenses:Taxes:Y2025:US:CityNYC                                        174.92 USD
  Expenses:Taxes:Y2025:US:SDI                                              1.12 USD
  Expenses:Taxes:Y2025:US:SocSec                                         281.54 USD
  Assets:US:Federal:PreTax401k                                      -1200.00 IRAUSD
  Expenses:Taxes:Y2025:US:Federal:PreTax401k                         1200.00 IRAUSD
  Assets:US:Hooli:Vacation                                                  5 VACHR
  Income:US:Hooli:Vacation                                                 -5 VACHR

2025-04-25 * Employer match for contribution
  Assets:US:Vanguard:Cash                                                600.00 USD
  Income:US:Hooli:Match401k                                             -600.00 USD

P 2025-04-25 00:00:00 VBMPX                  137.20 USD

P 2025-04-25 00:00:00 RGAGX                  124.72 USD

P 2025-04-25 00:00:00 ITOT                    99.25 USD

P 2025-04-25 00:00:00 VEA                    186.20 USD

P 2025-04-25 00:00:00 VHT                    103.68 USD

P 2025-04-25 00:00:00 GLD                     39.42 USD

2025-04-26 * Goba Goba | Eating out 
  Liabilities:US:Chase:Slate                                             -19.69 USD
  Expenses:Food:Restaurant                                                19.69 USD

2025-04-27 * Rose Flower | Eating out alone
  Liabilities:US:Chase:Slate                                             -35.37 USD
  Expenses:Food:Restaurant                                                35.37 USD

2025-04-28 * Metro Transport Authority | Tram tickets
  Liabilities:US:Chase:Slate                                            -120.00 USD
  Expenses:Transport:Tram                                                120.00 USD

2025-04-28 * Investing 40% of cash in VBMPX
  Assets:US:Vanguard:VBMPX                                         3.499 VBMPX @ 137.20 USD
  Assets:US:Vanguard:Cash                                               -480.06 USD
  Equity:Rounding                                                      -0.00280 USD

2025-04-28 * Investing 60% of cash in RGAGX
  Assets:US:Vanguard:RGAGX                                         5.773 RGAGX @ 124.72 USD
  Assets:US:Vanguard:Cash                                               -720.01 USD
  Equity:Rounding                                                       0.00144 USD

2025-04-28 * Investing 40% of cash in VBMPX
  Assets:US:Vanguard:VBMPX                                         1.749 VBMPX @ 137.20 USD
  Assets:US:Vanguard:Cash                                               -239.96 USD
  Equity:Rounding                                                      -0.00280 USD

2025-04-28 * Investing 60% of cash in RGAGX
  Assets:US:Vanguard:RGAGX                                         2.887 RGAGX @ 124.72 USD
  Assets:US:Vanguard:Cash                                               -360.07 USD
  Equity:Rounding                                                       0.00336 USD

2025-04-29 * Rose Flower | Eating out with work buddies
  Liabilities:US:Chase:Slate                                             -30.24 USD
  Expenses:Food:Restaurant                                                30.24 USD


P 2025-05-02 00:00:00 VBMPX                  137.84 USD

P 2025-05-02 00:00:00 RGAGX                  124.44 USD

P 2025-05-02 00:00:00 ITOT                    99.21 USD

P 2025-05-02 00:00:00 VEA                    187.23 USD

P 2025-05-02 00:00:00 VHT                    103.75 USD

P 2025-05-02 00:00:00 GLD                     39.49 USD

2025-05-03 * Chichipotle | Eating out alone
  Liabilities:US:Chase:Slate                                             -18.32 USD
  Expenses:Food:Restaurant                                                18.32 USD

2025-05-04 * BANK FEES | Monthly bank fee
  Assets:US:BofA:Checking                                                 -4.00 USD
  Expenses:Financial:Fees                                                  4.00 USD

2025-05-04 * Jewel of Morroco | Eating out with Julie
  Liabilities:US:Chase:Slate                                             -21.58 USD
  Expenses:Food:Restaurant                                                21.58 USD

2025-05-04 * Corner Deli | Buying groceries
  Liabilities:US:Chase:Slate                                             -79.45 USD
  Expenses:Food:Groceries                                                 79.45 USD

2025-05-05 * RiverBank Properties | Paying the rent
  Assets:US:BofA:Checking                                              -2400.00 USD
  Expenses:Home:Rent                                                    2400.00 USD

2025-05-07 * Chase:Slate | Paying off credit card
  Liabilities:US:Chase:Slate                                             588.31 USD
  Assets:US:BofA:Checking                                               -588.31 USD

2025-05-08 * EDISON POWER |
  Assets:US:BofA:Checking                                                -65.00 USD
  Expenses:Home:Electricity                                               65.00 USD

2025-05-08 * Hooli | Payroll
  Assets:US:BofA:Checking                                               1350.60 USD
  Assets:US:Vanguard:Cash                                               1200.00 USD
  Income:US:Hooli:Salary                                               -4615.38 USD
  Income:US:Hooli:GroupTermLife                                          -24.32 USD
  Expenses:Health:Life:GroupTermLife                                      24.32 USD
  Expenses:Health:Dental:Insurance                                         2.90 USD
  Expenses:Health:Medical:Insurance                                       27.38 USD
  Expenses:Health:Vision:Insurance                                        42.30 USD
  Expenses:Taxes:Y2025:US:Medicare                                       106.62 USD
  Expenses:Taxes:Y2025:US:Federal                                       1062.92 USD
  Expenses:Taxes:Y2025:US:State                                          365.08 USD
  Expenses:Taxes:Y2025:US:CityNYC                                        174.92 USD
  Expenses:Taxes:Y2025:US:SDI                                              1.12 USD
  Expenses:Taxes:Y2025:US:SocSec                                         281.54 USD
  Assets:US:Federal:PreTax401k                                      -1200.00 IRAUSD
  Expenses:Taxes:Y2025:US:Federal:PreTax401k                         1200.00 IRAUSD
  Assets:US:Hooli:Vacation                                                  5 VACHR
  Income:US:Hooli:Vacation                                                 -5 VACHR

2025-05-09 * Rose Flower | Eating out with work buddies
  Liabilities:US:Chase:Slate                                             -25.92 USD
  Expenses:Food:Restaurant                                                25.92 USD

2025-05-09 * Employer match for contribution
  Assets:US:Vanguard:Cash                                                600.00 USD
  Income:US:Hooli:Match401k                                             -600.00 USD

P 2025-05-09 00:00:00 VBMPX                  136.94 USD

P 2025-05-09 00:00:00 RGAGX                  124.94 USD

P 2025-05-09 00:00:00 ITOT                    98.99 USD

P 2025-05-09 00:00:00 VEA                    183.03 USD

P 2025-05-09 00:00:00 VHT                    101.96 USD

P 2025-05-09 00:00:00 GLD                     39.33 USD

2025-05-11 * Onion Market | Buying groceries
  Liabilities:US:Chase:Slate                                             -75.23 USD
  Expenses:Food:Groceries                                                 75.23 USD

2025-05-12 * Jewel of Morroco | Eating out 
  Liabilities:US:Chase:Slate                                             -19.60 USD
  Expenses:Food:Restaurant                                                19.60 USD

2025-05-12 * Investing 40% of cash in VBMPX
  Assets:US:Vanguard:VBMPX                                         3.505 VBMPX @ 136.94 USD
  Assets:US:Vanguard:Cash                                               -479.97 USD
  Equity:Rounding                                                      -0.00470 USD

2025-05-12 * Investing 60% of cash in RGAGX
  Assets:US:Vanguard:RGAGX                                         5.763 RGAGX @ 124.94 USD
  Assets:US:Vanguard:Cash                                               -720.03 USD
  Equity:Rounding                                                       0.00078 USD

2025-05-12 * Investing 40% of cash in VBMPX
  Assets:US:Vanguard:VBMPX                                         1.753 VBMPX @ 136.94 USD
  Assets:US:Vanguard:Cash                                               -240.06 USD
  Equity:Rounding                                                       0.00418 USD

2025-05-12 * Investing 60% of cash in RGAGX
  Assets:US:Vanguard:RGAGX                                         2.881 RGAGX @ 124.94 USD
  Assets:US:Vanguard:Cash                                               -359.95 USD
  Equity:Rounding                                                      -0.00214 USD


P 2025-05-16 00:00:00 VBMPX                  138.84 USD

P 2025-05-16 00:00:00 RGAGX                  124.72 USD

P 2025-05-16 00:00:00 ITOT                    99.43 USD

P 2025-05-16 00:00:00 VEA                    184.06 USD

P 2025-05-16 00:00:00 VHT                    102.78 USD

P 2025-05-16 00:00:00 GLD                     39.48 USD

2025-05-17 * Goba Goba | Eating out with work buddies
  Liabilities:US:Chase:Slate                                             -28.61 USD
  Expenses:Food:Restaurant                                                28.61 USD

2025-05-20 * Verizon Wireless |
  Assets:US:BofA:Checking                                                -58.96 USD
  Expenses:Home:Phone                                                     58.96 USD


2025-05-21 * Chichipotle | Eating out after work
  Liabilities:US:Chase:Slate                                             -25.38 USD
  Expenses:Food:Restaurant                                                25.38 USD

2025-05-21 * Onion Market | Buying groceries
  Liabilities:US:Chase:Slate                                             -69.35 USD
  Expenses:Food:Groceries                                                 69.35 USD

2025-05-22 * Wine-Tarner Cable |
  Assets:US:BofA:Checking                                                -80.02 USD
  Expenses:Home:Internet                                                  80.02 USD

2025-05-22 * Hooli | Payroll
  Assets:US:BofA:Checking                                               1350.60 USD
  Assets:US:Vanguard:Cash                                               1200.00 USD
  Income:US:Hooli:Salary                                               -4615.38 USD
  Income:US:Hooli:GroupTermLife                                          -24.32 USD
  Expenses:Health:Life:GroupTermLife                                      24.32 USD
  Expenses:Health:Dental:Insurance                                         2.90 USD
  Expenses:Health:Medical:Insurance                                       27.38 USD
  Expenses:Health:Vision:Insurance                                        42.30 USD
  Expenses:Taxes:Y2025:US:Medicare                                       106.62 USD
  Expenses:Taxes:Y2025:US:Federal                                       1062.92 USD
  Expenses:Taxes:Y2025:US:State                                          365.08 USD
  Expenses:Taxes:Y2025:US:CityNYC                                        174.92 USD
  Expenses:Taxes:Y2025:US:SDI                                              1.12 USD
  Expenses:Taxes:Y2025:US:SocSec                                         281.54 USD
  Assets:US:Federal:PreTax401k                                      -1200.00 IRAUSD
  Expenses:Taxes:Y2025:US:Federal:PreTax401k                         1200.00 IRAUSD
  Assets:US:Hooli:Vacation                                                  5 VACHR
  Income:US:Hooli:Vacation                                                 -5 VACHR

2025-05-23 * Employer match for contribution
  Assets:US:Vanguard:Cash                                                600.00 USD
  Income:US:Hooli:Match401k                                             -600.00 USD

P 2025-05-23 00:00:00 VBMPX                  135.88 USD

P 2025-05-23 00:00:00 RGAGX                  122.98 USD

P 2025-05-23 00:00:00 ITOT                    98.24 USD

P 2025-05-23 00:00:00 VEA                    183.65 USD

P 2025-05-23 00:00:00 VHT                    104.31 USD

P 2025-05-23 00:00:00 GLD                     39.30 USD

2025-05-25 * China Garden | Eating out alone
  Liabilities:US:Chase:Slate                                             -26.37 USD
  Expenses:Food:Restaurant                                                26.37 USD

2025-05-26 * Investing 40% of cash in VBMPX
  Assets:US:Vanguard:VBMPX                                         3.532 VBMPX @ 135.88 USD
  Assets:US:Vanguard:Cash                                               -479.93 USD
  Equity:Rounding                                                       0.00184 USD

2025-05-26 * Investing 60% of cash in RGAGX
  Assets:US:Vanguard:RGAGX                                         5.855 RGAGX @ 122.98 USD
  Assets:US:Vanguard:Cash                                               -720.05 USD
  Equity:Rounding                                                       0.00210 USD

2025-05-26 * Investing 40% of cash in VBMPX
  Assets:US:Vanguard:VBMPX                                         1.766 VBMPX @ 135.88 USD
  Assets:US:Vanguard:Cash                                               -239.96 USD
  Equity:Rounding                                                      -0.00408 USD

2025-05-26 * Investing 60% of cash in RGAGX
  Assets:US:Vanguard:RGAGX                                         2.927 RGAGX @ 122.98 USD
  Assets:US:Vanguard:Cash                                               -359.96 USD
  Equity:Rounding                                                      -0.00246 USD

2025-05-28 * Metro Transport Authority | Tram tickets
  Liabilities:US:Chase:Slate                                            -120.00 USD
  Expenses:Transport:Tram                                                120.00 USD

2025-05-30 * Kin Soy | Eating out after work
  Liabilities:US:Chase:Slate                                             -26.03 USD
  Expenses:Food:Restaurant                                                26.03 USD

P 2025-05-30 00:00:00 VBMPX                  135.46 USD

P 2025-05-30 00:00:00 RGAGX                  124.40 USD

P 2025-05-30 00:00:00 ITOT                    98.32 USD

P 2025-05-30 00:00:00 VEA                    182.70 USD

P 2025-05-30 00:00:00 VHT                    105.68 USD

P 2025-05-30 00:00:00 GLD                     39.71 USD

2025-06-02 * Cafe Modagor | Eating out 
  Liabilities:US:Chase:Slate                                             -42.21 USD
  Expenses:Food:Restaurant                                                42.21 USD

2025-06-03 * Jewel of Morroco | Eating out with Julie
  Liabilities:US:Chase:Slate                                             -54.47 USD
  Expenses:Food:Restaurant                                                54.47 USD

2025-06-04 * BANK FEES | Monthly bank fee
  Assets:US:BofA:Checking                                                 -4.00 USD
  Expenses:Financial:Fees                                                  4.00 USD

2025-06-04 * RiverBank Properties | Paying the rent
  Assets:US:BofA:Checking                                              -2400.00 USD
  Expenses:Home:Rent                                                    2400.00 USD

2025-06-05 * Hooli | Payroll
  Assets:US:BofA:Checking                                               1350.60 USD
  Assets:US:Vanguard:Cash                                               1200.00 USD
  Income:US:Hooli:Salary                                               -4615.38 USD
  Income:US:Hooli:GroupTermLife                                          -24.32 USD
  Expenses:Health:Life:GroupTermLife                                      24.32 USD
  Expenses:Health:Dental:Insurance                                         2.90 USD
  Expenses:Health:Medical:Insurance                                       27.38 USD
  Expenses:Health:Vision:Insurance                                        42.30 USD
  Expenses:Taxes:Y2025:US:Medicare                                       106.62 USD
  Expenses:Taxes:Y2025:US:Federal                                       1062.92 USD
  Expenses:Taxes:Y2025:US:State                                          365.08 USD
  Expenses:Taxes:Y2025:US:CityNYC                                        174.92 USD
  Expenses:Taxes:Y2025:US:SDI                                              1.12 USD
  Expenses:Taxes:Y2025:US:SocSec                                         281.54 USD
  Assets:US:Federal:PreTax401k                                      -1200.00 IRAUSD
  Expenses:Taxes:Y2025:US:Federal:PreTax401k                         1200.00 IRAUSD
  Assets:US:Hooli:Vacation                                                  5 VACHR
  Income:US:Hooli:Vacation                                                 -5 VACHR

2025-06-06 * Corner Deli | Buying groceries
  Liabilities:US:Chase:Slate                                             -86.80 USD
  Expenses:Food:Groceries                                                 86.80 USD

2025-06-06 * Employer match for contribution
  Assets:US:Vanguard:Cash                                                600.00 USD
  Income:US:Hooli:Match401k                                             -600.00 USD

P 2025-06-06 00:00:00 VBMPX                  136.53 USD

P 2025-06-06 00:00:00 RGAGX                  125.69 USD

P 2025-06-06 00:00:00 ITOT                   100.73 USD

P 2025-06-06 00:00:00 VEA                    181.42 USD

P 2025-06-06 00:00:00 VHT                    104.61 USD

P 2025-06-06 00:00:00 GLD                     40.76 USD

2025-06-07 * Uncle Boons | Eating out with Natasha
  Liabilities:US:Chase:Slate                                             -52.09 USD
  Expenses:Food:Restaurant                                                52.09 USD

2025-06-07 * Chase:Slate | Paying off credit card
  Liabilities:US:Chase:Slate                                             626.14 USD
  Assets:US:BofA:Checking                                               -626.14 USD

2025-06-08 * EDISON POWER |
  Assets:US:BofA:Checking                                                -65.00 USD
  Expenses:Home:Electricity                                               65.00 USD

2025-06-09 * Investing 40% of cash in VBMPX
  Assets:US:Vanguard:VBMPX                                         3.516 VBMPX @ 136.53 USD
  Assets:US:Vanguard:Cash                                               -480.04 USD
  Equity:Rounding                                                       0.00052 USD

2025-06-09 * Investing 60% of cash in RGAGX
  Assets:US:Vanguard:RGAGX                                         5.729 RGAGX @ 125.69 USD
  Assets:US:Vanguard:Cash                                               -720.08 USD
  Equity:Rounding                                                       0.00199 USD

2025-06-09 * Investing 40% of cash in VBMPX
  Assets:US:Vanguard:VBMPX                                         1.758 VBMPX @ 136.53 USD
  Assets:US:Vanguard:Cash                                               -240.02 USD
  Equity:Rounding                                                       0.00026 USD

2025-06-09 * Investing 60% of cash in RGAGX
  Assets:US:Vanguard:RGAGX                                         2.864 RGAGX @ 125.69 USD
  Assets:US:Vanguard:Cash                                               -359.98 USD
  Equity:Rounding                                                       0.00384 USD

2025-06-11 * Chichipotle | Eating out with work buddies
  Liabilities:US:Chase:Slate                                             -22.98 USD
  Expenses:Food:Restaurant                                                22.98 USD



2025-06-12 * Rose Flower | Eating out with Julie
  Liabilities:US:Chase:Slate                                             -38.23 USD
  Expenses:Food:Restaurant                                                38.23 USD

P 2025-06-13 00:00:00 VBMPX                  135.36 USD

P 2025-06-13 00:00:00 RGAGX                  125.98 USD

P 2025-06-13 00:00:00 ITOT                   100.52 USD

P 2025-06-13 00:00:00 VEA                    186.81 USD

P 2025-06-13 00:00:00 VHT                    103.95 USD

P 2025-06-13 00:00:00 GLD                     40.22 USD

2025-06-15 * Goba Goba | Eating out with Julie
  Liabilities:US:Chase:Slate                                             -30.89 USD
  Expenses:Food:Restaurant                                                30.89 USD

2025-06-17 * Onion Market | Buying groceries
  Liabilities:US:Chase:Slate                                             -98.49 USD
  Expenses:Food:Groceries                                                 98.49 USD

2025-06-18 * China Garden | Eating out 
  Liabilities:US:Chase:Slate                                             -21.24 USD
  Expenses:Food:Restaurant                                                21.24 USD

2025-06-18 * Dividends on portfolio
  Assets:US:ETrade:Cash                                                   47.57 USD
  Income:US:ETrade:GLD:Dividend                                          -47.57 USD

2025-06-19 * Hooli | Payroll
  Assets:US:BofA:Checking                                               1350.60 USD
  Assets:US:Vanguard:Cash                                               1200.00 USD
  Income:US:Hooli:Salary                                               -4615.38 USD
  Income:US:Hooli:GroupTermLife                                          -24.32 USD
  Expenses:Health:Life:GroupTermLife                                      24.32 USD
  Expenses:Health:Dental:Insurance                                         2.90 USD
  Expenses:Health:Medical:Insurance                                       27.38 USD
  Expenses:Health:Vision:Insurance                                        42.30 USD
  Expenses:Taxes:Y2025:US:Medicare                                       106.62 USD
  Expenses:Taxes:Y2025:US:Federal                                       1062.92 USD
  Expenses:Taxes:Y2025:US:State                                          365.08 USD
  Expenses:Taxes:Y2025:US:CityNYC                                        174.92 USD
  Expenses:Taxes:Y2025:US:SDI                                              1.12 USD
  Expenses:Taxes:Y2025:US:SocSec                                         281.54 USD
  Assets:US:Federal:PreTax401k                                      -1200.00 IRAUSD
  Expenses:Taxes:Y2025:US:Federal:PreTax401k                         1200.00 IRAUSD
  Assets:US:Hooli:Vacation                                                  5 VACHR
  Income:US:Hooli:Vacation                                                 -5 VACHR

2025-06-20 * Verizon Wireless |
  Assets:US:BofA:Checking                                                -45.38 USD
  Expenses:Home:Phone                                                     45.38 USD

2025-06-20 * Employer match for contribution
  Assets:US:Vanguard:Cash                                                600.00 USD
  Income:US:Hooli:Match401k                                             -600.00 USD

P 2025-06-20 00:00:00 VBMPX                  137.28 USD

P 2025-06-20 00:00:00 RGAGX                  128.51 USD

P 2025-06-20 00:00:00 ITOT                   101.93 USD

P 2025-06-20 00:00:00 VEA                    189.65 USD

P 2025-06-20 00:00:00 VHT                    105.89 USD

P 2025-06-20 00:00:00 GLD                     40.82 USD

2025-06-22 * Goba Goba | Eating out with Natasha
  Liabilities:US:Chase:Slate                                             -20.37 USD
  Expenses:Food:Restaurant                                                20.37 USD

2025-06-23 * Wine-Tarner Cable |
  Assets:US:BofA:Checking                                                -79.97 USD
  Expenses:Home:Internet                                                  79.97 USD

2025-06-23 * Investing 40% of cash in VBMPX
  Assets:US:Vanguard:VBMPX                                         3.496 VBMPX @ 137.28 USD
  Assets:US:Vanguard:Cash                                               -479.93 USD
  Equity:Rounding                                                      -0.00088 USD

2025-06-23 * Investing 60% of cash in RGAGX
  Assets:US:Vanguard:RGAGX                                         5.602 RGAGX @ 128.51 USD
  Assets:US:Vanguard:Cash                                               -719.91 USD
  Equity:Rounding                                                      -0.00302 USD

2025-06-23 * Investing 40% of cash in VBMPX
  Assets:US:Vanguard:VBMPX                                         1.749 VBMPX @ 137.28 USD
  Assets:US:Vanguard:Cash                                               -240.10 USD
  Equity:Rounding                                                      -0.00272 USD

2025-06-23 * Investing 60% of cash in RGAGX
  Assets:US:Vanguard:RGAGX                                         2.802 RGAGX @ 128.51 USD
  Assets:US:Vanguard:Cash                                               -360.09 USD
  Equity:Rounding                                                       0.00498 USD

2025-06-26 * Uncle Boons | Eating out with Julie
  Liabilities:US:Chase:Slate                                             -43.93 USD
  Expenses:Food:Restaurant                                                43.93 USD

2025-06-27 * Uncle Boons | Eating out with Joe
  Liabilities:US:Chase:Slate                                             -23.19 USD
  Expenses:Food:Restaurant                                                23.19 USD

P 2025-06-27 00:00:00 VBMPX                  139.38 USD

P 2025-06-27 00:00:00 RGAGX                  126.91 USD

P 2025-06-27 00:00:00 ITOT                   100.90 USD

P 2025-06-27 00:00:00 VEA                    191.73 USD

P 2025-06-27 00:00:00 VHT                    108.55 USD

P 2025-06-27 00:00:00 GLD                     40.69 USD

2025-06-29 * Metro Transport Authority | Tram tickets
  Liabilities:US:Chase:Slate                                            -120.00 USD
  Expenses:Transport:Tram                                                120.00 USD

2025-06-30 * Jewel of Morroco | Eating out with Natasha
  Liabilities:US:Chase:Slate                                             -25.28 USD
  Expenses:Food:Restaurant                                                25.28 USD

2025-07-02 * Chichipotle | Eating out with Joe
  Liabilities:US:Chase:Slate                                             -82.07 USD
  Expenses:Food:Restaurant                                                82.07 USD

2025-07-03 * RiverBank Properties | Paying the rent
  Assets:US:BofA:Checking                                              -2400.00 USD
  Expenses:Home:Rent                                                    2400.00 USD

2025-07-03 * Hooli | Payroll
  Assets:US:BofA:Checking                                               1350.60 USD
  Assets:US:Vanguard:Cash                                               1200.00 USD
  Income:US:Hooli:Salary                                               -4615.38 USD
  Income:US:Hooli:GroupTermLife                                          -24.32 USD
  Expenses:Health:Life:GroupTermLife                                      24.32 USD
  Expenses:Health:Dental:Insurance                                         2.90 USD
  Expenses:Health:Medical:Insurance                                       27.38 USD
  Expenses:Health:Vision:Insurance                                        42.30 USD
  Expenses:Taxes:Y2025:US:Medicare                                       106.62 USD
  Expenses:Taxes:Y2025:US:Federal                                       1062.92 USD
  Expenses:Taxes:Y2025:US:State                                          365.08 USD
  Expenses:Taxes:Y2025:US:CityNYC                                        174.92 USD
  Expenses:Taxes:Y2025:US:SDI                                              1.12 USD
  Expenses:Taxes:Y2025:US:SocSec                                         281.54 USD
  Assets:US:Federal:PreTax401k                                      -1200.00 IRAUSD
  Expenses:Taxes:Y2025:US:Federal:PreTax401k                         1200.00 IRAUSD
  Assets:US:Hooli:Vacation                                                  5 VACHR
  Income:US:Hooli:Vacation                                                 -5 VACHR

2025-07-04 * BANK FEES | Monthly bank fee
  Assets:US:BofA:Checking                                                 -4.00 USD
  Expenses:Financial:Fees                                                  4.00 USD

2025-07-04 * Employer match for contribution
  Assets:US:Vanguard:Cash                                                600.00 USD
  Income:US:Hooli:Match401k                                             -600.00 USD

P 2025-07-04 00:00:00 VBMPX                  137.70 USD

P 2025-07-04 00:00:00 RGAGX                  128.72 USD

P 2025-07-04 00:00:00 ITOT                    99.70 USD

P 2025-07-04 00:00:00 VEA                    198.70 USD

P 2025-07-04 00:00:00 VHT                    109.54 USD

P 2025-07-04 00:00:00 GLD                     41.27 USD

2025-07-05 * Farmer Fresh | Buying groceries
  Liabilities:US:Chase:Slate                                            -120.28 USD
  Expenses:Food:Groceries                                                120.28 USD

2025-07-06 * Jewel of Morroco | Eating out with Joe
  Liabilities:US:Chase:Slate                                             -14.89 USD
  Expenses:Food:Restaurant                                                14.89 USD

2025-07-07 * Chase:Slate | Paying off credit card
  Liabilities:US:Chase:Slate                                             675.88 USD
  Assets:US:BofA:Checking                                               -675.88 USD

2025-07-07 * Investing 40% of cash in VBMPX
  Assets:US:Vanguard:VBMPX                                         3.486 VBMPX @ 137.70 USD
  Assets:US:Vanguard:Cash                                               -480.02 USD
  Equity:Rounding                                                      -0.00220 USD

2025-07-07 * Investing 60% of cash in RGAGX
  Assets:US:Vanguard:RGAGX                                         5.593 RGAGX @ 128.72 USD
  Assets:US:Vanguard:Cash                                               -719.93 USD
  Equity:Rounding                                                      -0.00096 USD

2025-07-07 * Investing 40% of cash in VBMPX
  Assets:US:Vanguard:VBMPX                                         1.743 VBMPX @ 137.70 USD
  Assets:US:Vanguard:Cash                                               -240.01 USD
  Equity:Rounding                                                      -0.00110 USD

2025-07-07 * Investing 60% of cash in RGAGX
  Assets:US:Vanguard:RGAGX                                         2.797 RGAGX @ 128.72 USD
  Assets:US:Vanguard:Cash                                               -360.03 USD
  Equity:Rounding                                                       0.00016 USD


2025-07-08 * Goba Goba | Eating out 
  Liabilities:US:Chase:Slate                                             -14.04 USD
  Expenses:Food:Restaurant                                                14.04 USD

2025-07-09 * EDISON POWER |
  Assets:US:BofA:Checking                                                -65.00 USD
  Expenses:Home:Electricity                                               65.00 USD

2025-07-10 * Kin Soy | Eating out alone
  Liabilities:US:Chase:Slate                                             -34.87 USD
  Expenses:Food:Restaurant                                                34.87 USD


2025-07-11 * Kin Soy | Eating out alone
  Liabilities:US:Chase:Slate                                             -33.44 USD
  Expenses:Food:Restaurant                                                33.44 USD

P 2025-07-11 00:00:00 VBMPX                  138.45 USD

P 2025-07-11 00:00:00 RGAGX                  130.28 USD

P 2025-07-11 00:00:00 ITOT                    99.10 USD

P 2025-07-11 00:00:00 VEA                    196.76 USD

P 2025-07-11 00:00:00 VHT                    108.88 USD

P 2025-07-11 00:00:00 GLD                     41.22 USD

2025-07-14 * China Garden | Eating out after work
  Liabilities:US:Chase:Slate                                             -34.66 USD
  Expenses:Food:Restaurant                                                34.66 USD

2025-07-15 * Uncle Boons | Eating out with Natasha
  Liabilities:US:Chase:Slate                                             -29.81 USD
  Expenses:Food:Restaurant                                                29.81 USD

2025-07-17 * Hooli | Payroll
  Assets:US:BofA:Checking                                               1350.60 USD
  Assets:US:Vanguard:Cash                                               1200.00 USD
  Income:US:Hooli:Salary                                               -4615.38 USD
  Income:US:Hooli:GroupTermLife                                          -24.32 USD
  Expenses:Health:Life:GroupTermLife                                      24.32 USD
  Expenses:Health:Dental:Insurance                                         2.90 USD
  Expenses:Health:Medical:Insurance                                       27.38 USD
  Expenses:Health:Vision:Insurance                                        42.30 USD
  Expenses:Taxes:Y2025:US:Medicare                                       106.62 USD
  Expenses:Taxes:Y2025:US:Federal                                       1062.92 USD
  Expenses:Taxes:Y2025:US:State                                          365.08 USD
  Expenses:Taxes:Y2025:US:CityNYC                                        174.92 USD
  Expenses:Taxes:Y2025:US:SDI                                              1.12 USD
  Expenses:Taxes:Y2025:US:SocSec                                         281.54 USD
  Assets:US:Federal:PreTax401k                                      -1200.00 IRAUSD
  Expenses:Taxes:Y2025:US:Federal:PreTax401k                         1200.00 IRAUSD
  Assets:US:Hooli:Vacation                                                  5 VACHR
  Income:US:Hooli:Vacation                                                 -5 VACHR

2025-07-18 * Employer match for contribution
  Assets:US:Vanguard:Cash                                                600.00 USD
  Income:US:Hooli:Match401k                                             -600.00 USD

P 2025-07-18 00:00:00 VBMPX                  138.51 USD

P 2025-07-18 00:00:00 RGAGX                  126.68 USD

P 2025-07-18 00:00:00 ITOT                    98.44 USD

P 2025-07-18 00:00:00 VEA                    204.88 USD

P 2025-07-18 00:00:00 VHT                    107.85 USD

P 2025-07-18 00:00:00 GLD                     40.54 USD

2025-07-19 * Verizon Wireless |
  Assets:US:BofA:Checking                                                -61.27 USD
  Expenses:Home:Phone                                                     61.27 USD

2025-07-20 * Jewel of Morroco | Eating out 
  Liabilities:US:Chase:Slate                                             -21.38 USD
  Expenses:Food:Restaurant                                                21.38 USD

2025-07-21 * Wine-Tarner Cable |
  Assets:US:BofA:Checking                                                -79.83 USD
  Expenses:Home:Internet                                                  79.83 USD

2025-07-21 * Investing 40% of cash in VBMPX
  Assets:US:Vanguard:VBMPX                                         3.465 VBMPX @ 138.51 USD
  Assets:US:Vanguard:Cash                                               -479.94 USD
  Equity:Rounding                                                       0.00285 USD

2025-07-21 * Investing 60% of cash in RGAGX
  Assets:US:Vanguard:RGAGX                                         5.683 RGAGX @ 126.68 USD
  Assets:US:Vanguard:Cash                                               -719.92 USD
  Equity:Rounding                                                      -0.00244 USD

2025-07-21 * Investing 40% of cash in VBMPX
  Assets:US:Vanguard:VBMPX                                         1.733 VBMPX @ 138.51 USD
  Assets:US:Vanguard:Cash                                               -240.04 USD
  Equity:Rounding                                                       0.00217 USD

2025-07-21 * Investing 60% of cash in RGAGX
  Assets:US:Vanguard:RGAGX                                         2.842 RGAGX @ 126.68 USD
  Assets:US:Vanguard:Cash                                               -360.02 USD
  Equity:Rounding                                                      -0.00456 USD

2025-07-22 * Onion Market | Buying groceries
  Liabilities:US:Chase:Slate                                             -50.66 USD
  Expenses:Food:Groceries                                                 50.66 USD

2025-07-24 * Cafe Modagor | Eating out with Julie
  Liabilities:US:Chase:Slate                                             -35.52 USD
  Expenses:Food:Restaurant                                                35.52 USD

P 2025-07-25 00:00:00 VBMPX                  140.43 USD

P 2025-07-25 00:00:00 RGAGX                  126.27 USD

P 2025-07-25 00:00:00 ITOT                    99.02 USD

P 2025-07-25 00:00:00 VEA                    206.81 USD

P 2025-07-25 00:00:00 VHT                    107.25 USD

P 2025-07-25 00:00:00 GLD                     41.39 USD

2025-07-27 * Cafe Modagor | Eating out with Natasha
  Liabilities:US:Chase:Slate                                             -34.07 USD
  Expenses:Food:Restaurant                                                34.07 USD

2025-07-27 * Onion Market | Buying groceries
  Liabilities:US:Chase:Slate                                            -105.66 USD
  Expenses:Food:Groceries                                                105.66 USD


2025-07-28 * China Garden | Eating out with Joe
  Liabilities:US:Chase:Slate                                             -21.28 USD
  Expenses:Food:Restaurant                                                21.28 USD

2025-07-30 * Cafe Modagor | Eating out with Julie
  Liabilities:US:Chase:Slate                                             -43.57 USD
  Expenses:Food:Restaurant                                                43.57 USD

2025-07-31 * Uncle Boons | Eating out with Bill
  Liabilities:US:Chase:Slate                                             -46.74 USD
  Expenses:Food:Restaurant                                                46.74 USD

2025-07-31 * Metro Transport Authority | Tram tickets
  Liabilities:US:Chase:Slate                                            -120.00 USD
  Expenses:Transport:Tram                                                120.00 USD

2025-07-31 * Hooli | Payroll
  Assets:US:BofA:Checking                                               2050.60 USD
  Assets:US:Vanguard:Cash                                                500.00 USD
  Income:US:Hooli:Salary                                               -4615.38 USD
  Income:US:Hooli:GroupTermLife                                          -24.32 USD
  Expenses:Health:Life:GroupTermLife                                      24.32 USD
  Expenses:Health:Dental:Insurance                                         2.90 USD
  Expenses:Health:Medical:Insurance                                       27.38 USD
  Expenses:Health:Vision:Insurance                                        42.30 USD
  Expenses:Taxes:Y2025:US:Medicare                                       106.62 USD
  Expenses:Taxes:Y2025:US:Federal                                       1062.92 USD
  Expenses:Taxes:Y2025:US:State                                          365.08 USD
  Expenses:Taxes:Y2025:US:CityNYC                                        174.92 USD
  Expenses:Taxes:Y2025:US:SDI                                              1.12 USD
  Expenses:Taxes:Y2025:US:SocSec                                         281.54 USD
  Assets:US:Federal:PreTax401k                                       -500.00 IRAUSD
  Expenses:Taxes:Y2025:US:Federal:PreTax401k                          500.00 IRAUSD
  Assets:US:Hooli:Vacation                                                  5 VACHR
  Income:US:Hooli:Vacation                                                 -5 VACHR

;; Event: 2025-08-01 "location" "Chicago"

2025-08-01 * Employer match for contribution
  Assets:US:Vanguard:Cash                                                250.00 USD
  Income:US:Hooli:Match401k                                             -250.00 USD

P 2025-08-01 00:00:00 VBMPX                  138.22 USD

P 2025-08-01 00:00:00 RGAGX                  127.02 USD

P 2025-08-01 00:00:00 ITOT                    98.23 USD

P 2025-08-01 00:00:00 VEA                    209.19 USD

P 2025-08-01 00:00:00 VHT                    107.11 USD

P 2025-08-01 00:00:00 GLD                     41.44 USD


2025-08-02 * Mercadito |
  ; trip-chicago-2025:
  Liabilities:US:Chase:Slate                                             -43.11 USD
  Expenses:Food:Restaurant                                                43.11 USD

2025-08-02 * Another Sports Pub |
  ; trip-chicago-2025:
  Liabilities:US:Chase:Slate                                             -13.24 USD
  Expenses:Food:Alcohol                                                   13.24 USD

2025-08-04 * BANK FEES | Monthly bank fee
  Assets:US:BofA:Checking                                                 -4.00 USD
  Expenses:Financial:Fees                                                  4.00 USD

2025-08-04 * RiverBank Properties | Paying the rent
  Assets:US:BofA:Checking                                              -2400.00 USD
  Expenses:Home:Rent                                                    2400.00 USD

2025-08-04 * Mercadito |
  ; trip-chicago-2025:
  Liabilities:US:Chase:Slate                                             -44.66 USD
  Expenses:Food:Restaurant                                                44.66 USD

2025-08-04 * Argo Tea |
  ; trip-chicago-2025:
  Liabilities:US:Chase:Slate                                              -6.17 USD
  Expenses:Food:Coffee                                                     6.17 USD

2025-08-04 * Investing 40% of cash in VBMPX
  Assets:US:Vanguard:VBMPX                                         1.447 VBMPX @ 138.22 USD
  Assets:US:Vanguard:Cash                                               -200.00 USD
  Equity:Rounding                                                      -0.00434 USD

2025-08-04 * Investing 60% of cash in RGAGX
  Assets:US:Vanguard:RGAGX                                         2.362 RGAGX @ 127.02 USD
  Assets:US:Vanguard:Cash                                               -300.02 USD
  Equity:Rounding                                                      -0.00124 USD

2025-08-04 * Investing 40% of cash in VBMPX
  Assets:US:Vanguard:VBMPX                                         0.723 VBMPX @ 138.22 USD
  Assets:US:Vanguard:Cash                                                -99.93 USD
  Equity:Rounding                                                      -0.00306 USD

2025-08-04 * Investing 60% of cash in RGAGX
  Assets:US:Vanguard:RGAGX                                         1.181 RGAGX @ 127.02 USD
  Assets:US:Vanguard:Cash                                               -150.01 USD
  Equity:Rounding                                                      -0.00062 USD

2025-08-05 * Star of Siam |
  ; trip-chicago-2025:
  Liabilities:US:Chase:Slate                                             -23.91 USD
  Expenses:Food:Restaurant                                                23.91 USD

2025-08-05 * Mercadito |
  ; trip-chicago-2025:
  Liabilities:US:Chase:Slate                                             -40.01 USD
  Expenses:Food:Restaurant                                                40.01 USD

2025-08-06 * Star of Siam |
  ; trip-chicago-2025:
  Liabilities:US:Chase:Slate                                             -27.78 USD
  Expenses:Food:Restaurant                                                27.78 USD

2025-08-06 * Argo Tea |
  ; trip-chicago-2025:
  Liabilities:US:Chase:Slate                                              -5.30 USD
  Expenses:Food:Coffee                                                     5.30 USD

2025-08-07 * 25 Degrees Burger Bar |
  ; trip-chicago-2025:
  Liabilities:US:Chase:Slate                                             -18.85 USD
  Expenses:Food:Restaurant                                                18.85 USD

2025-08-07 * Another Sports Pub |
  ; trip-chicago-2025:
  Liabilities:US:Chase:Slate                                             -15.44 USD
  Expenses:Food:Alcohol                                                   15.44 USD

2025-08-08 * Star of Siam |
  ; trip-chicago-2025:
  Liabilities:US:Chase:Slate                                             -21.66 USD
  Expenses:Food:Restaurant                                                21.66 USD

2025-08-08 * 25 Degrees Burger Bar |
  ; trip-chicago-2025:
  Liabilities:US:Chase:Slate                                             -20.45 USD
  Expenses:Food:Restaurant                                                20.45 USD

2025-08-08 * Chase:Slate | Paying off credit card
  Liabilities:US:Chase:Slate                                             638.97 USD
  Assets:US:BofA:Checking                                               -638.97 USD

P 2025-08-08 00:00:00 VBMPX                  138.48 USD

P 2025-08-08 00:00:00 RGAGX                  127.36 USD

P 2025-08-08 00:00:00 ITOT                    96.82 USD

P 2025-08-08 00:00:00 VEA                    213.07 USD

P 2025-08-08 00:00:00 VHT                    107.09 USD

P 2025-08-08 00:00:00 GLD                     41.78 USD

2025-08-09 * EDISON POWER |
  Assets:US:BofA:Checking                                                -65.00 USD
  Expenses:Home:Electricity                                               65.00 USD

2025-08-09 * Star of Siam |
  ; trip-chicago-2025:
  Liabilities:US:Chase:Slate                                             -22.26 USD
  Expenses:Food:Restaurant                                                22.26 USD

2025-08-09 * 25 Degrees Burger Bar |
  ; trip-chicago-2025:
  Liabilities:US:Chase:Slate                                             -21.76 USD
  Expenses:Food:Restaurant                                                21.76 USD

2025-08-09 * Eataly Chicago |
  ; trip-chicago-2025:
  Liabilities:US:Chase:Slate                                             -50.61 USD
  Expenses:Food:Restaurant                                                50.61 USD

2025-08-09 * Argo Tea |
  ; trip-chicago-2025:
  Liabilities:US:Chase:Slate                                              -6.35 USD
  Expenses:Food:Coffee                                                     6.35 USD

2025-08-10 * Star of Siam |
  ; trip-chicago-2025:
  Liabilities:US:Chase:Slate                                             -21.90 USD
  Expenses:Food:Restaurant                                                21.90 USD

2025-08-11 * Star of Siam |
  ; trip-chicago-2025:
  Liabilities:US:Chase:Slate                                             -27.57 USD
  Expenses:Food:Restaurant                                                27.57 USD

2025-08-11 * Another Sports Pub |
  ; trip-chicago-2025:
  Liabilities:US:Chase:Slate                                             -11.31 USD
  Expenses:Food:Alcohol                                                   11.31 USD

2025-08-12 * 25 Degrees Burger Bar |
  ; trip-chicago-2025:
  Liabilities:US:Chase:Slate                                             -26.99 USD
  Expenses:Food:Restaurant                                                26.99 USD

2025-08-13 * Argo Tea |
  ; trip-chicago-2025:
  Liabilities:US:Chase:Slate                                              -6.43 USD
  Expenses:Food:Coffee                                                     6.43 USD

2025-08-14 * Hooli | Payroll
  Assets:US:BofA:Checking                                               2550.60 USD
  Income:US:Hooli:Salary                                               -4615.38 USD
  Income:US:Hooli:GroupTermLife                                          -24.32 USD
  Expenses:Health:Life:GroupTermLife                                      24.32 USD
  Expenses:Health:Dental:Insurance                                         2.90 USD
  Expenses:Health:Medical:Insurance                                       27.38 USD
  Expenses:Health:Vision:Insurance                                        42.30 USD
  Expenses:Taxes:Y2025:US:Medicare                                       106.62 USD
  Expenses:Taxes:Y2025:US:Federal                                       1062.92 USD
  Expenses:Taxes:Y2025:US:State                                          365.08 USD
  Expenses:Taxes:Y2025:US:CityNYC                                        174.92 USD
  Expenses:Taxes:Y2025:US:SDI                                              1.12 USD
  Expenses:Taxes:Y2025:US:SocSec                                         281.54 USD
  Assets:US:Hooli:Vacation                                                  5 VACHR
  Income:US:Hooli:Vacation                                                 -5 VACHR

P 2025-08-15 00:00:00 VBMPX                  136.06 USD

P 2025-08-15 00:00:00 RGAGX                  126.51 USD

P 2025-08-15 00:00:00 ITOT                    96.41 USD

P 2025-08-15 00:00:00 VEA                    212.09 USD

P 2025-08-15 00:00:00 VHT                    106.82 USD

P 2025-08-15 00:00:00 GLD                     41.94 USD

2025-08-16 * Consume vacation days
  Assets:US:Hooli:Vacation                                               -120 VACHR
  Expenses:Vacation                                                       120 VACHR

;; Event: 2025-08-16 "location" "New Metropolis"

2025-08-18 * Kin Soy | Eating out with Julie
  Liabilities:US:Chase:Slate                                             -27.31 USD
  Expenses:Food:Restaurant                                                27.31 USD

2025-08-19 * Verizon Wireless |
  Assets:US:BofA:Checking                                                -68.19 USD
  Expenses:Home:Phone                                                     68.19 USD

2025-08-21 * Wine-Tarner Cable |
  Assets:US:BofA:Checking                                                -79.85 USD
  Expenses:Home:Internet                                                  79.85 USD

P 2025-08-22 00:00:00 VBMPX                  135.64 USD

P 2025-08-22 00:00:00 RGAGX                  126.38 USD

P 2025-08-22 00:00:00 ITOT                    94.99 USD

P 2025-08-22 00:00:00 VEA                    215.27 USD

P 2025-08-22 00:00:00 VHT                    107.22 USD

P 2025-08-22 00:00:00 GLD                     41.96 USD


2025-08-23 * Jewel of Morroco | Eating out with work buddies
  Liabilities:US:Chase:Slate                                             -33.13 USD
  Expenses:Food:Restaurant                                                33.13 USD

2025-08-25 * Goba Goba | Eating out alone
  Liabilities:US:Chase:Slate                                             -71.32 USD
  Expenses:Food:Restaurant                                                71.32 USD


2025-08-28 * Rose Flower | Eating out after work
  Liabilities:US:Chase:Slate                                             -37.95 USD
  Expenses:Food:Restaurant                                                37.95 USD

2025-08-28 * Hooli | Payroll
  Assets:US:BofA:Checking                                               2550.60 USD
  Income:US:Hooli:Salary                                               -4615.38 USD
  Income:US:Hooli:GroupTermLife                                          -24.32 USD
  Expenses:Health:Life:GroupTermLife                                      24.32 USD
  Expenses:Health:Dental:Insurance                                         2.90 USD
  Expenses:Health:Medical:Insurance                                       27.38 USD
  Expenses:Health:Vision:Insurance                                        42.30 USD
  Expenses:Taxes:Y2025:US:Medicare                                       106.62 USD
  Expenses:Taxes:Y2025:US:Federal                                       1062.92 USD
  Expenses:Taxes:Y2025:US:State                                          365.08 USD
  Expenses:Taxes:Y2025:US:CityNYC                                        174.92 USD
  Expenses:Taxes:Y2025:US:SDI                                              1.12 USD
  Expenses:Taxes:Y2025:US:SocSec                                         281.54 USD
  Assets:US:Hooli:Vacation                                                  5 VACHR
  Income:US:Hooli:Vacation                                                 -5 VACHR

2025-08-29 * Metro Transport Authority | Tram tickets
  Liabilities:US:Chase:Slate                                            -120.00 USD
  Expenses:Transport:Tram                                                120.00 USD

P 2025-08-29 00:00:00 VBMPX                  132.15 USD

P 2025-08-29 00:00:00 RGAGX                  125.02 USD

P 2025-08-29 00:00:00 ITOT                    94.49 USD

P 2025-08-29 00:00:00 VEA                    218.53 USD

P 2025-08-29 00:00:00 VHT                    106.51 USD

P 2025-08-29 00:00:00 GLD                     42.62 USD

2025-09-02 * Rose Flower | Eating out 
  Liabilities:US:Chase:Slate                                             -47.67 USD
  Expenses:Food:Restaurant                                                47.67 USD

2025-09-03 * RiverBank Properties | Paying the rent
  Assets:US:BofA:Checking                                              -2400.00 USD
  Expenses:Home:Rent                                                    2400.00 USD

2025-09-03 * Farmer Fresh | Buying groceries
  Liabilities:US:Chase:Slate                                             -92.13 USD
  Expenses:Food:Groceries                                                 92.13 USD

2025-09-04 * BANK FEES | Monthly bank fee
  Assets:US:BofA:Checking                                                 -4.00 USD
  Expenses:Financial:Fees                                                  4.00 USD

2025-09-04 * Cafe Modagor | Eating out after work
  Liabilities:US:Chase:Slate                                             -29.73 USD
  Expenses:Food:Restaurant                                                29.73 USD

2025-09-05 * Kin Soy | Eating out with Joe
  Liabilities:US:Chase:Slate                                             -63.46 USD
  Expenses:Food:Restaurant                                                63.46 USD

P 2025-09-05 00:00:00 VBMPX                  133.19 USD

P 2025-09-05 00:00:00 RGAGX                  122.90 USD

P 2025-09-05 00:00:00 ITOT                    95.07 USD

P 2025-09-05 00:00:00 VEA                    218.69 USD

P 2025-09-05 00:00:00 VHT                    108.03 USD

P 2025-09-05 00:00:00 GLD                     43.93 USD

2025-09-08 * EDISON POWER |
  Assets:US:BofA:Checking                                                -65.00 USD
  Expenses:Home:Electricity                                               65.00 USD

2025-09-09 * Chase:Slate | Paying off credit card
  Liabilities:US:Chase:Slate                                             521.56 USD
  Assets:US:BofA:Checking                                               -521.56 USD

2025-09-10 * Kin Soy | Eating out with Joe
  Liabilities:US:Chase:Slate                                             -26.17 USD
  Expenses:Food:Restaurant                                                26.17 USD

2025-09-11 * Jewel of Morroco | Eating out alone
  Liabilities:US:Chase:Slate                                             -13.16 USD
  Expenses:Food:Restaurant                                                13.16 USD

2025-09-11 * Hooli | Payroll
  Assets:US:BofA:Checking                                               2550.60 USD
  Income:US:Hooli:Salary                                               -4615.38 USD
  Income:US:Hooli:GroupTermLife                                          -24.32 USD
  Expenses:Health:Life:GroupTermLife                                      24.32 USD
  Expenses:Health:Dental:Insurance                                         2.90 USD
  Expenses:Health:Medical:Insurance                                       27.38 USD
  Expenses:Health:Vision:Insurance                                        42.30 USD
  Expenses:Taxes:Y2025:US:Medicare                                       106.62 USD
  Expenses:Taxes:Y2025:US:Federal                                       1062.92 USD
  Expenses:Taxes:Y2025:US:State                                          365.08 USD
  Expenses:Taxes:Y2025:US:CityNYC                                        174.92 USD
  Expenses:Taxes:Y2025:US:SDI                                              1.12 USD
  Expenses:Taxes:Y2025:US:SocSec                                         281.54 USD
  Assets:US:Hooli:Vacation                                                  5 VACHR
  Income:US:Hooli:Vacation                                                 -5 VACHR

2025-09-12 * Transfering accumulated savings to other account
  Assets:US:BofA:Checking                                                 -4500 USD
  Assets:US:ETrade:Cash                                                    4500 USD

P 2025-09-12 00:00:00 VBMPX                  133.57 USD

P 2025-09-12 00:00:00 RGAGX                  123.38 USD

P 2025-09-12 00:00:00 ITOT                    92.67 USD

P 2025-09-12 00:00:00 VEA                    223.78 USD

P 2025-09-12 00:00:00 VHT                    108.73 USD

P 2025-09-12 00:00:00 GLD                     44.00 USD

2025-09-13 * Farmer Fresh | Buying groceries
  Liabilities:US:Chase:Slate                                             -62.94 USD
  Expenses:Food:Groceries                                                 62.94 USD

2025-09-15 * Rose Flower | Eating out alone
  Liabilities:US:Chase:Slate                                             -48.69 USD
  Expenses:Food:Restaurant                                                48.69 USD


2025-09-18 * China Garden | Eating out with Joe
  Liabilities:US:Chase:Slate                                             -31.04 USD
  Expenses:Food:Restaurant                                                31.04 USD

2025-09-18 * Buy shares of VHT
  Assets:US:ETrade:Cash                                                -4466.88 USD
  Assets:US:ETrade:VHT                                             41 VHT @ 108.73 USD
  Expenses:Financial:Commissions                                           8.95 USD

2025-09-18 * Dividends on portfolio
  Assets:US:ETrade:Cash                                                   65.41 USD
  Income:US:ETrade:VEA:Dividend                                          -65.41 USD


P 2025-09-19 00:00:00 VBMPX                  135.69 USD

P 2025-09-19 00:00:00 RGAGX                  122.39 USD

P 2025-09-19 00:00:00 ITOT                    91.91 USD

P 2025-09-19 00:00:00 VEA                    228.37 USD

P 2025-09-19 00:00:00 VHT                    107.89 USD

P 2025-09-19 00:00:00 GLD                     44.58 USD

2025-09-20 * Verizon Wireless |
  Assets:US:BofA:Checking                                                -61.58 USD
  Expenses:Home:Phone                                                     61.58 USD

2025-09-20 * Chichipotle | Eating out with work buddies
  Liabilities:US:Chase:Slate                                             -12.72 USD
  Expenses:Food:Restaurant                                                12.72 USD

2025-09-21 * Cafe Modagor | Eating out with Joe
  Liabilities:US:Chase:Slate                                             -23.91 USD
  Expenses:Food:Restaurant                                                23.91 USD

2025-09-22 * Farmer Fresh | Buying groceries
  Liabilities:US:Chase:Slate                                             -79.82 USD
  Expenses:Food:Groceries                                                 79.82 USD

2025-09-23 * Wine-Tarner Cable |
  Assets:US:BofA:Checking                                                -79.98 USD
  Expenses:Home:Internet                                                  79.98 USD

2025-09-25 * Hooli | Payroll
  Assets:US:BofA:Checking                                               2550.60 USD
  Income:US:Hooli:Salary                                               -4615.38 USD
  Income:US:Hooli:GroupTermLife                                          -24.32 USD
  Expenses:Health:Life:GroupTermLife                                      24.32 USD
  Expenses:Health:Dental:Insurance                                         2.90 USD
  Expenses:Health:Medical:Insurance                                       27.38 USD
  Expenses:Health:Vision:Insurance                                        42.30 USD
  Expenses:Taxes:Y2025:US:Medicare                                       106.62 USD
  Expenses:Taxes:Y2025:US:Federal                                       1062.92 USD
  Expenses:Taxes:Y2025:US:State                                          365.08 USD
  Expenses:Taxes:Y2025:US:CityNYC                                        174.92 USD
  Expenses:Taxes:Y2025:US:SDI                                              1.12 USD
  Expenses:Taxes:Y2025:US:SocSec                                         281.54 USD
  Assets:US:Hooli:Vacation                                                  5 VACHR
  Income:US:Hooli:Vacation                                                 -5 VACHR

2025-09-26 * Rose Flower | Eating out with work buddies
  Liabilities:US:Chase:Slate                                             -38.40 USD
  Expenses:Food:Restaurant                                                38.40 USD

P 2025-09-26 00:00:00 VBMPX                  136.74 USD

P 2025-09-26 00:00:00 RGAGX                  122.33 USD

P 2025-09-26 00:00:00 ITOT                    92.51 USD

P 2025-09-26 00:00:00 VEA                    230.44 USD

P 2025-09-26 00:00:00 VHT                    108.01 USD

P 2025-09-26 00:00:00 GLD                     45.24 USD

2025-09-27 * Jewel of Morroco | Eating out 
  Liabilities:US:Chase:Slate                                             -28.81 USD
  Expenses:Food:Restaurant                                                28.81 USD

2025-09-30 * Jewel of Morroco | Eating out with Julie
  Liabilities:US:Chase:Slate                                             -22.95 USD
  Expenses:Food:Restaurant                                                22.95 USD

2025-10-01 * Metro Transport Authority | Tram tickets
  Liabilities:US:Chase:Slate                                            -120.00 USD
  Expenses:Transport:Tram                                                120.00 USD

2025-10-03 * Jewel of Morroco | Eating out 
  Liabilities:US:Chase:Slate                                             -48.22 USD
  Expenses:Food:Restaurant                                                48.22 USD

P 2025-10-03 00:00:00 VBMPX                  140.97 USD

P 2025-10-03 00:00:00 RGAGX                  120.90 USD

P 2025-10-03 00:00:00 ITOT                    91.30 USD

P 2025-10-03 00:00:00 VEA                    233.59 USD

P 2025-10-03 00:00:00 VHT                    109.34 USD

P 2025-10-03 00:00:00 GLD                     44.98 USD

2025-10-04 * BANK FEES | Monthly bank fee
  Assets:US:BofA:Checking                                                 -4.00 USD
  Expenses:Financial:Fees                                                  4.00 USD

2025-10-04 * RiverBank Properties | Paying the rent
  Assets:US:BofA:Checking                                              -2400.00 USD
  Expenses:Home:Rent                                                    2400.00 USD

2025-10-06 * Goba Goba | Eating out with Bill
  Liabilities:US:Chase:Slate                                             -38.89 USD
  Expenses:Food:Restaurant                                                38.89 USD

2025-10-06 * Onion Market | Buying groceries
  Liabilities:US:Chase:Slate                                             -76.02 USD
  Expenses:Food:Groceries                                                 76.02 USD

2025-10-08 * EDISON POWER |
  Assets:US:BofA:Checking                                                -65.00 USD
  Expenses:Home:Electricity                                               65.00 USD

2025-10-08 * Chase:Slate | Paying off credit card
  Liabilities:US:Chase:Slate                                             659.72 USD
  Assets:US:BofA:Checking                                               -659.72 USD

2025-10-09 * Hooli | Payroll
  Assets:US:BofA:Checking                                               2550.60 USD
  Income:US:Hooli:Salary                                               -4615.38 USD
  Income:US:Hooli:GroupTermLife                                          -24.32 USD
  Expenses:Health:Life:GroupTermLife                                      24.32 USD
  Expenses:Health:Dental:Insurance                                         2.90 USD
  Expenses:Health:Medical:Insurance                                       27.38 USD
  Expenses:Health:Vision:Insurance                                        42.30 USD
  Expenses:Taxes:Y2025:US:Medicare                                       106.62 USD
  Expenses:Taxes:Y2025:US:Federal                                       1062.92 USD
  Expenses:Taxes:Y2025:US:State                                          365.08 USD
  Expenses:Taxes:Y2025:US:CityNYC                                        174.92 USD
  Expenses:Taxes:Y2025:US:SDI                                              1.12 USD
  Expenses:Taxes:Y2025:US:SocSec                                         281.54 USD
  Assets:US:Hooli:Vacation                                                  5 VACHR
  Income:US:Hooli:Vacation                                                 -5 VACHR

2025-10-10 * Goba Goba | Eating out with Joe
  Liabilities:US:Chase:Slate                                             -14.15 USD
  Expenses:Food:Restaurant                                                14.15 USD

P 2025-10-10 00:00:00 VBMPX                  140.00 USD

P 2025-10-10 00:00:00 RGAGX                  122.79 USD

P 2025-10-10 00:00:00 ITOT                    90.74 USD

P 2025-10-10 00:00:00 VEA                    229.33 USD

P 2025-10-10 00:00:00 VHT                    108.23 USD

P 2025-10-10 00:00:00 GLD                     44.65 USD



2025-10-15 * Rose Flower | Eating out with Joe
  Liabilities:US:Chase:Slate                                             -23.33 USD
  Expenses:Food:Restaurant                                                23.33 USD

2025-10-17 * Onion Market | Buying groceries
  Liabilities:US:Chase:Slate                                             -63.19 USD
  Expenses:Food:Groceries                                                 63.19 USD

P 2025-10-17 00:00:00 VBMPX                  140.47 USD

P 2025-10-17 00:00:00 RGAGX                  122.37 USD

P 2025-10-17 00:00:00 ITOT                    91.33 USD

P 2025-10-17 00:00:00 VEA                    230.40 USD

P 2025-10-17 00:00:00 VHT                    106.05 USD

P 2025-10-17 00:00:00 GLD                     45.30 USD

2025-10-19 * Verizon Wireless |
  Assets:US:BofA:Checking                                                -50.48 USD
  Expenses:Home:Phone                                                     50.48 USD

2025-10-19 * China Garden | Eating out with work buddies
  Liabilities:US:Chase:Slate                                             -25.44 USD
  Expenses:Food:Restaurant                                                25.44 USD

2025-10-21 * Wine-Tarner Cable |
  Assets:US:BofA:Checking                                                -80.16 USD
  Expenses:Home:Internet                                                  80.16 USD

2025-10-23 * Sell shares of VEA
  Assets:US:ETrade:VEA                                             -5 VEA {184.05 USD}
  Assets:US:ETrade:Cash                                                 1143.05 USD
  Expenses:Financial:Commissions                                           8.95 USD
  Income:US:ETrade:PnL                                                  -231.75 USD

2025-10-23 * Hooli | Payroll
  Assets:US:BofA:Checking                                               2550.60 USD
  Income:US:Hooli:Salary                                               -4615.38 USD
  Income:US:Hooli:GroupTermLife                                          -24.32 USD
  Expenses:Health:Life:GroupTermLife                                      24.32 USD
  Expenses:Health:Dental:Insurance                                         2.90 USD
  Expenses:Health:Medical:Insurance                                       27.38 USD
  Expenses:Health:Vision:Insurance                                        42.30 USD
  Expenses:Taxes:Y2025:US:Medicare                                       106.62 USD
  Expenses:Taxes:Y2025:US:Federal                                       1062.92 USD
  Expenses:Taxes:Y2025:US:State                                          365.08 USD
  Expenses:Taxes:Y2025:US:CityNYC                                        174.92 USD
  Expenses:Taxes:Y2025:US:SDI                                              1.12 USD
  Expenses:Taxes:Y2025:US:SocSec                                         281.54 USD
  Assets:US:Hooli:Vacation                                                  5 VACHR
  Income:US:Hooli:Vacation                                                 -5 VACHR

2025-10-24 * Transfering accumulated savings to other account
  Assets:US:BofA:Checking                                                 -4500 USD
  Assets:US:ETrade:Cash                                                    4500 USD

2025-10-24 * Goba Goba | Eating out with Julie
  Liabilities:US:Chase:Slate                                             -37.61 USD
  Expenses:Food:Restaurant                                                37.61 USD

2025-10-24 * Buy shares of GLD
  Assets:US:ETrade:Cash                                                -1784.62 USD
  Assets:US:ETrade:GLD                                             39 GLD @ 45.53 USD
  Expenses:Financial:Commissions                                           8.95 USD

2025-10-24 * Buy shares of VHT
  Assets:US:ETrade:Cash                                                -1796.50 USD
  Assets:US:ETrade:VHT                                             17 VHT @ 105.15 USD
  Expenses:Financial:Commissions                                           8.95 USD

2025-10-24 * Buy shares of ITOT
  Assets:US:ETrade:Cash                                                -1781.65 USD
  Assets:US:ETrade:ITOT                                            19 ITOT @ 93.30 USD
  Expenses:Financial:Commissions                                           8.95 USD

P 2025-10-24 00:00:00 VBMPX                  141.25 USD

P 2025-10-24 00:00:00 RGAGX                  121.30 USD

P 2025-10-24 00:00:00 ITOT                    93.30 USD

P 2025-10-24 00:00:00 VEA                    232.30 USD

P 2025-10-24 00:00:00 VHT                    105.15 USD

P 2025-10-24 00:00:00 GLD                     45.53 USD

2025-10-25 * Farmer Fresh | Buying groceries
  Liabilities:US:Chase:Slate                                             -76.25 USD
  Expenses:Food:Groceries                                                 76.25 USD

2025-10-27 * Rose Flower | Eating out with Joe
  Liabilities:US:Chase:Slate                                             -28.59 USD
  Expenses:Food:Restaurant                                                28.59 USD

2025-10-30 * China Garden | Eating out 
  Liabilities:US:Chase:Slate                                             -46.10 USD
  Expenses:Food:Restaurant                                                46.10 USD

P 2025-10-31 00:00:00 VBMPX                  140.39 USD

P 2025-10-31 00:00:00 RGAGX                  121.83 USD

P 2025-10-31 00:00:00 ITOT                    92.56 USD

P 2025-10-31 00:00:00 VEA                    230.92 USD

P 2025-10-31 00:00:00 VHT                    105.17 USD

P 2025-10-31 00:00:00 GLD                     45.00 USD


2025-11-02 * Metro Transport Authority | Tram tickets
  Liabilities:US:Chase:Slate                                            -120.00 USD
  Expenses:Transport:Tram                                                120.00 USD


2025-11-04 * BANK FEES | Monthly bank fee
  Assets:US:BofA:Checking                                                 -4.00 USD
  Expenses:Financial:Fees                                                  4.00 USD

2025-11-04 * Goba Goba | Eating out with Joe
  Liabilities:US:Chase:Slate                                             -33.71 USD
  Expenses:Food:Restaurant                                                33.71 USD

2025-11-06 * RiverBank Properties | Paying the rent
  Assets:US:BofA:Checking                                              -2400.00 USD
  Expenses:Home:Rent                                                    2400.00 USD

2025-11-06 * Cafe Modagor | Eating out after work
  Liabilities:US:Chase:Slate                                             -32.62 USD
  Expenses:Food:Restaurant                                                32.62 USD

2025-11-06 * Hooli | Payroll
  Assets:US:BofA:Checking                                               2550.60 USD
  Income:US:Hooli:Salary                                               -4615.38 USD
  Income:US:Hooli:GroupTermLife                                          -24.32 USD
  Expenses:Health:Life:GroupTermLife                                      24.32 USD
  Expenses:Health:Dental:Insurance                                         2.90 USD
  Expenses:Health:Medical:Insurance                                       27.38 USD
  Expenses:Health:Vision:Insurance                                        42.30 USD
  Expenses:Taxes:Y2025:US:Medicare                                       106.62 USD
  Expenses:Taxes:Y2025:US:Federal                                       1062.92 USD
  Expenses:Taxes:Y2025:US:State                                          365.08 USD
  Expenses:Taxes:Y2025:US:CityNYC                                        174.92 USD
  Expenses:Taxes:Y2025:US:SDI                                              1.12 USD
  Expenses:Taxes:Y2025:US:SocSec                                         281.54 USD
  Assets:US:Hooli:Vacation                                                  5 VACHR
  Income:US:Hooli:Vacation                                                 -5 VACHR

P 2025-11-07 00:00:00 VBMPX                  139.55 USD

P 2025-11-07 00:00:00 RGAGX                  121.62 USD

P 2025-11-07 00:00:00 ITOT                    90.86 USD

P 2025-11-07 00:00:00 VEA                    232.66 USD

P 2025-11-07 00:00:00 VHT                    104.88 USD

P 2025-11-07 00:00:00 GLD                     45.16 USD

2025-11-09 * EDISON POWER |
  Assets:US:BofA:Checking                                                -65.00 USD
  Expenses:Home:Electricity                                               65.00 USD

2025-11-09 * Corner Deli | Buying groceries
  Liabilities:US:Chase:Slate                                             -53.76 USD
  Expenses:Food:Groceries                                                 53.76 USD

2025-11-09 * Chase:Slate | Paying off credit card
  Liabilities:US:Chase:Slate                                             540.60 USD
  Assets:US:BofA:Checking                                               -540.60 USD

2025-11-11 * Kin Soy | Eating out alone
  Liabilities:US:Chase:Slate                                             -32.21 USD
  Expenses:Food:Restaurant                                                32.21 USD

P 2025-11-14 00:00:00 VBMPX                  139.38 USD

P 2025-11-14 00:00:00 RGAGX                  123.13 USD

P 2025-11-14 00:00:00 ITOT                    93.22 USD

P 2025-11-14 00:00:00 VEA                    244.32 USD

P 2025-11-14 00:00:00 VHT                    104.07 USD

P 2025-11-14 00:00:00 GLD                     45.33 USD

2025-11-15 * Goba Goba | Eating out with Joe
  Liabilities:US:Chase:Slate                                             -26.04 USD
  Expenses:Food:Restaurant                                                26.04 USD

2025-11-20 * Verizon Wireless |
  Assets:US:BofA:Checking                                                -52.08 USD
  Expenses:Home:Phone                                                     52.08 USD

2025-11-20 * Uncle Boons | Eating out 
  Liabilities:US:Chase:Slate                                             -29.86 USD
  Expenses:Food:Restaurant                                                29.86 USD

2025-11-20 * Hooli | Payroll
  Assets:US:BofA:Checking                                               2550.60 USD
  Income:US:Hooli:Salary                                               -4615.38 USD
  Income:US:Hooli:GroupTermLife                                          -24.32 USD
  Expenses:Health:Life:GroupTermLife                                      24.32 USD
  Expenses:Health:Dental:Insurance                                         2.90 USD
  Expenses:Health:Medical:Insurance                                       27.38 USD
  Expenses:Health:Vision:Insurance                                        42.30 USD
  Expenses:Taxes:Y2025:US:Medicare                                       106.62 USD
  Expenses:Taxes:Y2025:US:Federal                                       1062.92 USD
  Expenses:Taxes:Y2025:US:State                                          365.08 USD
  Expenses:Taxes:Y2025:US:CityNYC                                        174.92 USD
  Expenses:Taxes:Y2025:US:SDI                                              1.12 USD
  Expenses:Taxes:Y2025:US:SocSec                                         281.54 USD
  Assets:US:Hooli:Vacation                                                  5 VACHR
  Income:US:Hooli:Vacation                                                 -5 VACHR

P 2025-11-21 00:00:00 VBMPX                  138.85 USD

P 2025-11-21 00:00:00 RGAGX                  124.23 USD

P 2025-11-21 00:00:00 ITOT                    92.13 USD

P 2025-11-21 00:00:00 VEA                    239.49 USD

P 2025-11-21 00:00:00 VHT                    105.74 USD

P 2025-11-21 00:00:00 GLD                     45.30 USD

2025-11-22 * Wine-Tarner Cable |
  Assets:US:BofA:Checking                                                -80.00 USD
  Expenses:Home:Internet                                                  80.00 USD

2025-11-22 * Jewel of Morroco | Eating out with Bill
  Liabilities:US:Chase:Slate                                             -16.04 USD
  Expenses:Food:Restaurant                                                16.04 USD


2025-11-24 * Farmer Fresh | Buying groceries
  Liabilities:US:Chase:Slate                                            -115.50 USD
  Expenses:Food:Groceries                                                115.50 USD

2025-11-25 * Cafe Modagor | Eating out after work
  Liabilities:US:Chase:Slate                                             -38.16 USD
  Expenses:Food:Restaurant                                                38.16 USD


P 2025-11-28 00:00:00 VBMPX                  138.76 USD

P 2025-11-28 00:00:00 RGAGX                  125.27 USD

P 2025-11-28 00:00:00 ITOT                    91.97 USD

P 2025-11-28 00:00:00 VEA                    244.72 USD

P 2025-11-28 00:00:00 VHT                    106.76 USD

P 2025-11-28 00:00:00 GLD                     45.02 USD

2025-11-30 * Cafe Modagor | Eating out with Julie
  Liabilities:US:Chase:Slate                                             -30.70 USD
  Expenses:Food:Restaurant                                                30.70 USD

2025-11-30 * Metro Transport Authority | Tram tickets
  Liabilities:US:Chase:Slate                                            -120.00 USD
  Expenses:Transport:Tram                                                120.00 USD

2025-12-01 * Jewel of Morroco | Eating out 
  Liabilities:US:Chase:Slate                                             -25.85 USD
  Expenses:Food:Restaurant                                                25.85 USD

2025-12-02 * Onion Market | Buying groceries
  Liabilities:US:Chase:Slate                                             -93.21 USD
  Expenses:Food:Groceries                                                 93.21 USD

2025-12-02 * Sell shares of GLD
  Assets:US:ETrade:GLD                                             -26 GLD {37.76 USD}
  Assets:US:ETrade:Cash                                                 1161.57 USD
  Expenses:Financial:Commissions                                           8.95 USD
  Income:US:ETrade:PnL                                                  -188.76 USD

2025-12-03 * Jewel of Morroco | Eating out alone
  Liabilities:US:Chase:Slate                                             -35.89 USD
  Expenses:Food:Restaurant                                                35.89 USD

2025-12-04 * BANK FEES | Monthly bank fee
  Assets:US:BofA:Checking                                                 -4.00 USD
  Expenses:Financial:Fees                                                  4.00 USD

2025-12-04 * Hooli | Payroll
  Assets:US:BofA:Checking                                               2589.06 USD
  Income:US:Hooli:Salary                                               -4615.38 USD
  Income:US:Hooli:GroupTermLife                                          -24.32 USD
  Expenses:Health:Life:GroupTermLife                                      24.32 USD
  Expenses:Health:Dental:Insurance                                         2.90 USD
  Expenses:Health:Medical:Insurance                                       27.38 USD
  Expenses:Health:Vision:Insurance                                        42.30 USD
  Expenses:Taxes:Y2025:US:Medicare                                       106.62 USD
  Expenses:Taxes:Y2025:US:Federal                                       1062.92 USD
  Expenses:Taxes:Y2025:US:State                                          365.08 USD
  Expenses:Taxes:Y2025:US:CityNYC                                        174.92 USD
  Expenses:Taxes:Y2025:US:SDI                                              1.12 USD
  Expenses:Taxes:Y2025:US:SocSec                                         243.08 USD
  Assets:US:Hooli:Vacation                                                  5 VACHR
  Income:US:Hooli:Vacation                                                 -5 VACHR

2025-12-05 * RiverBank Properties | Paying the rent
  Assets:US:BofA:Checking                                              -2400.00 USD
  Expenses:Home:Rent                                                    2400.00 USD

2025-12-05 * Goba Goba | Eating out with Joe
  Liabilities:US:Chase:Slate                                             -20.33 USD
  Expenses:Food:Restaurant                                                20.33 USD

P 2025-12-05 00:00:00 VBMPX                  140.92 USD

P 2025-12-05 00:00:00 RGAGX                  124.66 USD

P 2025-12-05 00:00:00 ITOT                    92.02 USD

P 2025-12-05 00:00:00 VEA                    254.26 USD

P 2025-12-05 00:00:00 VHT                    105.25 USD

P 2025-12-05 00:00:00 GLD                     45.07 USD

2025-12-07 * Uncle Boons | Eating out with Bill
  Liabilities:US:Chase:Slate                                             -86.84 USD
  Expenses:Food:Restaurant                                                86.84 USD

2025-12-08 * EDISON POWER |
  Assets:US:BofA:Checking                                                -65.00 USD
  Expenses:Home:Electricity                                               65.00 USD

2025-12-09 * China Garden | Eating out 
  Liabilities:US:Chase:Slate                                             -32.67 USD
  Expenses:Food:Restaurant                                                32.67 USD

P 2025-12-12 00:00:00 VBMPX                  139.50 USD

P 2025-12-12 00:00:00 RGAGX                  123.56 USD

P 2025-12-12 00:00:00 ITOT                    91.71 USD

P 2025-12-12 00:00:00 VEA                    250.25 USD

P 2025-12-12 00:00:00 VHT                    106.56 USD

P 2025-12-12 00:00:00 GLD                     45.19 USD

2025-12-14 * China Garden | Eating out with Natasha
  Liabilities:US:Chase:Slate                                             -52.04 USD
  Expenses:Food:Restaurant                                                52.04 USD

2025-12-14 * Onion Market | Buying groceries
  Liabilities:US:Chase:Slate                                             -99.41 USD
  Expenses:Food:Groceries                                                 99.41 USD

2025-12-16 * Uncle Boons | Eating out alone
  Liabilities:US:Chase:Slate                                             -24.64 USD
  Expenses:Food:Restaurant                                                24.64 USD

2025-12-16 * Buy shares of ITOT
  Assets:US:ETrade:Cash                                                 -284.08 USD
  Assets:US:ETrade:ITOT                                            3 ITOT @ 91.71 USD
  Expenses:Financial:Commissions                                           8.95 USD

2025-12-16 * Buy shares of VEA
  Assets:US:ETrade:Cash                                                 -259.20 USD
  Assets:US:ETrade:VEA                                             1 VEA @ 250.25 USD
  Expenses:Financial:Commissions                                           8.95 USD

2025-12-16 * Buy shares of VHT
  Assets:US:ETrade:Cash                                                 -222.07 USD
  Assets:US:ETrade:VHT                                             2 VHT @ 106.56 USD
  Expenses:Financial:Commissions                                           8.95 USD

2025-12-16 * Buy shares of GLD
  Assets:US:ETrade:Cash                                                 -280.09 USD
  Assets:US:ETrade:GLD                                             6 GLD @ 45.19 USD
  Expenses:Financial:Commissions                                           8.95 USD

2025-12-17 * Dividends on portfolio
  Assets:US:ETrade:Cash                                                   90.79 USD
  Income:US:ETrade:VEA:Dividend                                          -90.79 USD

2025-12-18 * Verizon Wireless |
  Assets:US:BofA:Checking                                                -63.26 USD
  Expenses:Home:Phone                                                     63.26 USD

2025-12-18 * Hooli | Payroll
  Assets:US:BofA:Checking                                               2832.14 USD
  Income:US:Hooli:Salary                                               -4615.38 USD
  Income:US:Hooli:GroupTermLife                                          -24.32 USD
  Expenses:Health:Life:GroupTermLife                                      24.32 USD
  Expenses:Health:Dental:Insurance                                         2.90 USD
  Expenses:Health:Medical:Insurance                                       27.38 USD
  Expenses:Health:Vision:Insurance                                        42.30 USD
  Expenses:Taxes:Y2025:US:Medicare                                       106.62 USD
  Expenses:Taxes:Y2025:US:Federal                                       1062.92 USD
  Expenses:Taxes:Y2025:US:State                                          365.08 USD
  Expenses:Taxes:Y2025:US:CityNYC                                        174.92 USD
  Expenses:Taxes:Y2025:US:SDI                                              1.12 USD
  Expenses:Taxes:Y2025:US:SocSec                                           0.00 USD
  Assets:US:Hooli:Vacation                                                  5 VACHR
  Income:US:Hooli:Vacation                                                 -5 VACHR


2025-12-19 * Transfering accumulated savings to other account
  Assets:US:BofA:Checking                                                 -5000 USD
  Assets:US:ETrade:Cash                                                    5000 USD

2025-12-19 * Rose Flower | Eating out with Julie
  Liabilities:US:Chase:Slate                                             -16.60 USD
  Expenses:Food:Restaurant                                                16.60 USD

P 2025-12-19 00:00:00 VBMPX                  139.23 USD

P 2025-12-19 00:00:00 RGAGX                  122.68 USD

P 2025-12-19 00:00:00 ITOT                    90.22 USD

P 2025-12-19 00:00:00 VEA                    250.69 USD

P 2025-12-19 00:00:00 VHT                    106.96 USD

P 2025-12-19 00:00:00 GLD                     44.43 USD

2025-12-21 * Wine-Tarner Cable |
  Assets:US:BofA:Checking                                                -79.89 USD
  Expenses:Home:Internet                                                  79.89 USD


2025-12-24 * China Garden | Eating out with Julie
  Liabilities:US:Chase:Slate                                             -55.59 USD
  Expenses:Food:Restaurant                                                55.59 USD

2025-12-26 * Uncle Boons | Eating out with work buddies
  Liabilities:US:Chase:Slate                                             -13.72 USD
  Expenses:Food:Restaurant                                                13.72 USD

P 2025-12-26 00:00:00 VBMPX                  137.62 USD

P 2025-12-26 00:00:00 RGAGX                  122.54 USD

P 2025-12-26 00:00:00 ITOT                    88.33 USD

P 2025-12-26 00:00:00 VEA                    251.97 USD

P 2025-12-26 00:00:00 VHT                    106.08 USD

P 2025-12-26 00:00:00 GLD                     45.65 USD

2025-12-29 * China Garden | Eating out with Natasha
  Liabilities:US:Chase:Slate                                             -27.29 USD
  Expenses:Food:Restaurant                                                27.29 USD

2025-12-30 * Metro Transport Authority | Tram tickets
  Liabilities:US:Chase:Slate                                            -120.00 USD
  Expenses:Transport:Tram                                                120.00 USD

2026-01-01 * Hooli | Payroll
  Assets:US:BofA:Checking                                               1350.60 USD
  Assets:US:Vanguard:Cash                                               1200.00 USD
  Income:US:Hooli:Salary                                               -4615.38 USD
  Income:US:Hooli:GroupTermLife                                          -24.32 USD
  Expenses:Health:Life:GroupTermLife                                      24.32 USD
  Expenses:Health:Dental:Insurance                                         2.90 USD
  Expenses:Health:Medical:Insurance                                       27.38 USD
  Expenses:Health:Vision:Insurance                                        42.30 USD
  Expenses:Taxes:Y2026:US:Medicare                                       106.62 USD
  Expenses:Taxes:Y2026:US:Federal                                       1062.92 USD
  Expenses:Taxes:Y2026:US:State                                          365.08 USD
  Expenses:Taxes:Y2026:US:CityNYC                                        174.92 USD
  Expenses:Taxes:Y2026:US:SDI                                              1.12 USD
  Expenses:Taxes:Y2026:US:SocSec                                         281.54 USD
  Assets:US:Federal:PreTax401k                                      -1200.00 IRAUSD
  Expenses:Taxes:Y2026:US:Federal:PreTax401k                         1200.00 IRAUSD
  Assets:US:Hooli:Vacation                                                  5 VACHR
  Income:US:Hooli:Vacation                                                 -5 VACHR

2026-01-02 * Employer match for contribution
  Assets:US:Vanguard:Cash                                                600.00 USD
  Income:US:Hooli:Match401k                                             -600.00 USD

2026-01-05 * Investing 40% of cash in VBMPX
  Assets:US:Vanguard:VBMPX                                         3.488 VBMPX @ 137.62 USD
  Assets:US:Vanguard:Cash                                               -480.02 USD
  Equity:Rounding                                                       0.00144 USD

2026-01-05 * Investing 60% of cash in RGAGX
  Assets:US:Vanguard:RGAGX                                         5.876 RGAGX @ 122.54 USD
  Assets:US:Vanguard:Cash                                               -720.05 USD
  Equity:Rounding                                                       0.00496 USD

2026-01-05 * Investing 40% of cash in VBMPX
  Assets:US:Vanguard:VBMPX                                         1.744 VBMPX @ 137.62 USD
  Assets:US:Vanguard:Cash                                               -240.01 USD
  Equity:Rounding                                                       0.00072 USD

2026-01-05 * Investing 60% of cash in RGAGX
  Assets:US:Vanguard:RGAGX                                         2.938 RGAGX @ 122.54 USD
  Assets:US:Vanguard:Cash                                               -360.02 USD
  Equity:Rounding                                                      -0.00252 USD

